3952 6042
163 167 234 208 aava
827 125 1086 210 innocuorum
1105 153 1207 208 earn
1780 169 1874 210 acan

193 276 323 335 Basilicas
337 277 433 334 Sancti
451 277 591 334 laurentii
604 277 677 332 inira
693 276 844 347 Palatium,
861 293 981 348 cappam
999 281 1029 344 Α
1079 275 1214 334 Ecclesiae
1228 277 1324 334 Sancti
1339 277 1454 336 'l’bomae
1473 278 1509 334 da
1534 277 1681 350 Hispanis,
1706 277 1873 350 planetam,

159 365 366 438 aurifrigiatam
391 367 426 422 de
449 367 539 430 rubeo
563 365 698 435 examilo,
730 371 758 420 el
786 381 903 437 cappam
932 363 983 431 [ed.
1039 372 1202 436 cloappana
1223 368 1257 421 do
1278 366 1402 423 examito
1426 365 1514 423 rubeo
1539 381 1605 423 oum
1631 365 1789 436 aurifrigio,
1817 382 1875 423 re-

160 456 224 521 diet,
239 455 354 528 cupam]
371 469 490 525 quarum
507 469 666 511 marcarum
683 455 806 527 argeuli.
1038 457 1112 508 stem
1129 453 1291 510 deauratum
1308 472 1358 525 pro
1374 455 1466 526 altari,
1483 463 1509 512 el
1523 452 1640 526 palium,
1654 461 1681 512 el
1704 455 1803 512 decem
1830 455 1874 511 li-

196 543 368 601 bionastcrio
383 543 478 598 Sancti
493 543 620 613 Gregorii
636 543 666 599 iu
691 543 765 600 cliuo
788 542 898 607 Scauri,
920 555 986 612 oap-
1041 541 1114 597 bras.

160 648 227 704 pam
239 631 449 703 aorilrigiatam
465 632 500 687 de
514 631 637 687 examito
655 631 754 698 rubea,
779 645 935 704 purpuram
961 636 988 686 el
1041 629 1172 686 idaciosie
1187 631 1283 687 Sauuli
1297 632 1417 688 Androm
1433 633 1468 688 de
1489 633 1571 688 Unda
1592 632 1736 704 planetam
1760 632 1795 689 de
1820 648 1874 688 ru-

161 719 377 788 baidaahiuum,
393 727 421 775 ol
437 717 541 789 pallam
557 721 593 775 ad
613 735 685 790 opus
707 719 816 786 aitaris,
840 723 870 775 et
893 733 987 774 ennu-
1042 719 1095 774 beo
1110 721 1244 778 examito.

161 809 220 864 ium
236 823 356 864 aureum
371 823 435 864 cum
452 808 596 878 lapidibus
613 810 756 880 pretiosis.
1079 808 1214 865 Ecclesiae
1244 810 1341 866 Sancti
1365 808 1503 881 Stephani
1528 807 1560 866 iu
1593 809 1740 874 Laterano,
1766 810 1876 881 plane-

197 895 331 953 Ecciesie
355 897 465 952 Sanctae
494 895 591 952 Mario
618 897 648 953 iu
680 897 832 966 aventino,
861 895 989 967 planetas
1043 901 1102 954 tara
1127 898 1163 954 de
1183 897 1305 956 axamito
1329 898 1420 956 rubeo
1442 898 1592 970 aurifrigio
1620 898 1754 955 decentor
1781 915 1874 955 orna·

162 987 244 1049 duas,
262 986 298 1040 de
313 985 436 1041 examito
448 982 582 1040 videlicet
596 984 684 1042 rubeo
700 993 727 1041 el
749 986 888 1056 violaceo,
913 985 989 1041 auri·
1043 995 1111 1042 lam.

162 1074 531 1145 irlgiodecanleraraatas,
559 1077 588 1129 et
611 1079 731 1130 centum
757 1073 846 1131 libras
868 1089 989 1144 proven·
1080 1074 1216 1133 Ecclesia
1249 1077 1347 1134 Sancti
1384 1076 1522 1147 Stephani
1561 1079 1595 1134 de
1626 1077 1730 1134 Soboia
1763 1078 1873 1133 Canto·

162 1169 209 1219 lus
223 1164 292 1236 (33),
308 1180 360 1234 pro
377 1160 540 1220 molendino
555 1165 686 1222 emendo.
706 1165 786 1234 ilem,
802 1165 929 1221 aliavioe
939 1179 990 1236 pra
1046 1181 1121 1233 rum,
1138 1180 1255 1236 cappam
1271 1164 1386 1222 examili
1400 1165 1480 1221 rubei
1495 1180 1561 1220 oum
1582 1165 1728 1238 aurifrigio
1752 1165 1874 1221 decora-

166 1253 280 1320 eodem,
296 1252 411 1322 triginta
439 1250 528 1309 libras
556 1261 710 1325 proventus
739 1253 816 1326 (34);
845 1261 871 1310 et
902 1268 991 1308 unum
1045 1260 1115 1312 tam.

165 1357 304 1413 magnum
322 1357 447 1412 pannum
465 1341 500 1398 de
525 1350 585 1398 sala
607 1342 660 1413 [aa.
680 1343 746 1409 idai,
770 1343 908 1413 sericum]
923 1356 992 1398 auro
1082 1345 1216 1402 Ecclesia
1231 1347 1341 1404 Sunclae
1359 1345 1552 1415 Pudouliaoae,
1569 1349 1628 1402 tres
1642 1343 1729 1403 libras
1744 1361 1809 1417 pro.
1826 1361 1876 1402 re-

166 1435 345 1487 coulcxlum.
1048 1435 1193 1504 paratione
1208 1433 1311 1506 ipsius.

201 1519 372 1575 Manualerio
392 1518 490 1575 Sancti
513 1518 619 1586 alarii,
644 1535 801 1591 purpuram
824 1520 991 1576 deauralam
1084 1525 1217 1581 Ecclesia
1229 1527 1326 1581 Sauoli
1340 1523 1457 1580 Thomas
1480 1524 1517 1580 de
1545 1523 1768 1598 Forma,viginli
1782 1522 1875 1580 libras

164 1608 199 1664 ad
217 1623 292 1680 opus
307 1608 417 1664 aitaris.
1050 1631 1101 1686 pro
1116 1612 1309 1686 recolligenda
1324 1615 1444 1684 quaedam
1460 1617 1535 1670 terra
1549 1615 1686 1684 ejusdcm.

203 1696 336 1753 Ecclesiae
352 1699 521 1755 Sanctorum
536 1697 625 1768 Sergii
641 1701 670 1754 et
692 1697 807 1764 Bacchi,
831 1713 919 1768 quam
944 1697 993 1753 de·
1087 1702 1222 1760 Ecclesiae
1244 1703 1341 1758 Suncli
1367 1702 1482 1758 Martini
1506 1703 1770 1776 debionlibusliO),
1784 1720 1873 1760 uuam

168 1787 301 1851 lormcm,
314 1793 341 1842 el
357 1785 515 1844 minantem
532 1787 646 1842 ruinam
671 1786 701 1842 in
725 1787 876 1843 diaconatu
899 1785 998 1842 reiecit
1053 1801 1156 1848 realem
1173 1791 1291 1848 rubeam
1307 1807 1371 1848 cum
1389 1793 1476 1848 listris
1491 1793 1585 1849 aureis
1600 1810 1649 1864 pro
1661 1791 1753 1850 altari.

175 1873 370 1946 parictibuset
387 1879 460 1931 lecto
476 1875 542 1947 (35),
559 1873 805 1946 praeordinasse
824 1873 906 1928 alleri
930 1888 997 1931 uum
1090 1881 1223 1938 llcclesiae
1236 1882 1331 1936 Sancti
1355 1881 1495 1949 Marcelli,
1517 1899 1603 1938 unam
1628 1888 1735 1939 vestam
1762 1883 1878 1958 nigram

173 1962 320 2034 gradibus,
336 1965 364 2020 in
381 1963 557 2035 pontificatu,
576 1965 641 2020 iccil
657 1963 717 2019 lieri
734 1962 874 2035 porticum
892 1963 999 2019 oolam·
1053 1987 1118 2028 eum
1134 1971 1230 2027 aureis
1246 1987 1295 2040 pro
1310 1971 1402 2027 altari.

174 2068 288 2118 ”flum’
304 2053 401 2109 d⁸⁰d⁰
416 2054 442 2109 ⁶5
457 2069 579 2124 ⁰³PP³¹¹¹
594 2054 631 2109 ‘¹⁰
642 2052 769 2109 Vi⁰l⁰⁰⁰⁰
784 2052 908 2108 ⁶¹⁸mi‘0
932 2067 998 2108 Μ
1090 2077 1224 2136 Ecclesiae
1240 2079 1337 2135 Sancli
1353 2077 1489 2148 Stephani
1501 2080 1530 2134 in
1554 2077 1631 2135 Colio
1647 2087 1755 2147 monle,
1771 2086 1879 2136 restem

172 2141 339 2213 auriirigio;
358 2141 563 2197 baldachinum
580 2148 607 2198 el
622 2140 725 2212 pallam
743 2140 777 2195 ad
795 2155 866 2210 opus
883 2139 998 2207 altaris,
1055 2167 1167 2239 nigrum
1182 2182 1249 2222 oum
1264 2165 1359 2222 aureis
1374 2165 1474 2222 ,vibus
1489 2168 1523 2222 ,d
1540 2183 1611 2238 opus
1630 2169 1736 2224 agam·

172 2245 280 2286 ΗΜ
301 2230 455 2288 eburneam
469 2247 476 2298 ἶ
492 2229 670 2302 ⁰⁰¹9⁰f⁸¹i³3
686 2237 713 2286 ⁰²
729 2229 860 2301 Widffln
878 2245 928 2299 ΡΓΟ
952 2244 1001 2285 ⁰¹¹·
1092 2253 1224 2312 Ecclesiae
1240 2255 1445 2323 Fossae-Novar,
1461 2271 1512 2326 pro
1539 2257 1789 2312 consummatione
1811 2257 1881 2312 aedi-

173 2318 325 2386 cbariatia;
349 2318 495 2376 basilicam
520 2319 556 2374 de
580 2319 688 2374 iactura
711 2318 858 2375 lemovica
880 2316 947 2390 (36),
972 2319 1001 2373 el
1055 2344 1113 2402 ficii
1128 2345 1258 2416 ,jusdem
1273 2343 1412 2412 ecclesi&
1430 2342 1517 2401 fibras
1532 2349 1660 2400 eentum·

174 2407 270 2464 ΗΜ
285 2423 333 2463 ¹¹·
350 2407 432 2473 mm»
456 2407 561 2473 ‘fidem’
588 2405 764 2463 ¹¹³Vi⁰¹¹¹⁸¹¹¹·
776 2413 950 2508 ⁸f⁸⁸¹¹¹⁰³mt
972 2413 1001 2508 5²
1090 2433 1224 2490 Ecclesia
1240 2434 1351 2490 Sanctae
1368 2433 1460 2490 bieria
1474 2433 1510 2489 de
1522 2433 1645 2489 Roscilio
1658 2433 1739 2502 juxla
1763 2433 1881 2490 Gurubi·

173 2511 265 2598 ”illim
281 2496 413 2554 ⁰⁰⁰h¹⁸⁸i
428 2503 597 2565 “flmmeum
612 2500 723 2596 894ῗῆΰῖ
739 2510 890 2552 mmmm
906 2501 932 2550 ⁰¹
955 2496 999 2596 df*
1056 2524 1187 2590 nianunr,
1199 2538 1288 2579 unam
1303 2521 1446 2594 pianelam
1468 2521 1584 2578 examiti
1608 2521 1690 2578 rubei
1712 2538 1777 2578 cum
1801 2523 1881 2579 auri·

173 2582 898 2686 4014040,οι0000040004040040041414044044444
922 2597 1000 2638 Νη·
1054 2613 1141 2686 irigio
1157 2631 1165 2682 ;
1182 2617 1220 2683 04,
1247 2613 1322 2683 apud
1350 2611 1489 2682 Signiam,
1506 2613 1647 2669 concessit
1675 2611 1700 2667 ei
1727 2611 1878 2670 ecclesiam

174 2674 267 2744 l'rlglo,
281 2677 310 2730 et
323 2688 414 2729 unum
429 2673 622 2743 aurllngrum,
638 2687 689 2742 pro
713 2674 833 2742 amictu,
859 2678 888 2727 et
911 2685 1000 2726 unum
1057 2701 1151 2758 sancti
1166 2700 1310 2758 simeoni„
1325 2716 1392 2756 cum
1407 2701 1573 2756 lenimentis
1587 2701 1656 2756 suis·

174 2760 304 2831 amplum
321 2759 440 2862 mantile
454 2776 520 2817 cum
535 2759 692 2862 aurifrigiis
709 2767 736 2815 ol
752 2758 875 2815 fimbriis
893 2759 1002 2828 soricis,
1094 2790 1264 2847 Momm
1279 2789 1443 2857 ommam,
1459 2805 1511 2860 pro
1526 2788 1631 2845 rubrica
1646 2789 1747 2860 ipsius,
1769 2791 1880 2846 duceu-

84 2875 85 2887 )
174 2851 209 2905 ad
225 2863 297 2921 opus
311 2849 419 2950 altaris,
435 2854 464 2906 et
479 2864 573 2948 unum
587 2849 708 2904 calicem
724 2848 1004 2950 deauratumdecetss
1060 2877 1386 2946 lumuuciarumauri;
1416 2879 1623 2948 possessionem
1652 2879 1708 2952 (41)
1736 2896 1801 2937 uarro
1829 2897 1880 2952 pro

176 2946 203 2994 et
216 2945 280 2994 octo
296 2953 449 2994 unciarum
464 2943 585 3008 aruenlr.
602 2939 684 3005 ilem,
710 2937 804 2992 aldem
826 2942 943 2991 oculum
968 2935 1039 3076 luc
1060 2986 1119 3026 una
1133 2969 1250 3042 grangia
1262 2969 1344 3039 jum
1357 2967 1497 3022 Casuum·

175 3027 242 3082 hm
256 3030 446 3098 Pwvenmum
462 3025 530 3098 (37)·
1095 3057 1228 3114 Ecclesiae
1241 3061 1351 3112 Sancta
1367 3055 1463 3110 Maria
1478 3057 1513 3111 do
1528 3055 1712 3114 Rundanario
1727 3058 1796 3130 (l2),
1820 3058 1881 3114 silae

212 3113 345 3172 Ecclesiae
359 3115 454 3215 Sancti
470 3113 569 3180 Marci,
588 3111 768 3214 thuribulum
788 3111 909 3213 argenti,
934 3127 1002 3168 ceu·
1057 3148 1086 3203 ln
1103 3148 1271 3218 episcopatu
1287 3147 1426 3214 Cumano,
1443 3160 1529 3200 unum
1546 3143 1687 3217 pianelam
1705 3147 1739 3202 de
1754 3163 1880 3217 purpura

175 3214 234 3262 tum
250 3207 478 3260 mascemutinas
494 3203 561 3275 (38),
577 3209 603 3258 el
619 3202 737 3258 tolidem
754 3199 870 3268 sairdas,
895 3209 1002 3257 realem
1058 3236 1157 3306 ruben,
1173 3238 1202 3291 et
1216 3235 1300 3290 aliam
1316 3237 1351 3290 de
1367 3235 1448 3301 nim
1464 3251 1602 3306 purpura,
1618 3242 1644 3291 θ)
1660 3252 1747 3291 unam
1769 3235 1880 3293 dalma-

175 3293 298 3350 aericam
315 3294 492 3359 deauratam,
511 3293 545 3347 ad
572 3307 647 3363 opua
668 3290 778 3346 altaris.
799 3292 882 3358 Item,
907 3288 1003 3345 eidem

174 3386 291 3440 ceolum
307 3379 396 3438 libras
410 3385 618 3452 proventuum,
635 3387 661 3435 al
675 3395 764 3435 unam
779 3378 932 3436 caudelam
956 3395 1001 3434 ar·

175 3471 254 3544 genli
274 3471 401 3543 quiaque
416 3485 587 3540 marcarum,
603 3476 632 3525 el
645 3469 718 3524 duae
734 3466 837 3524 uncias
851 3483 917 3524 cum
930 3468 1002 3524 duo·

174 3560 266 3617 decim
282 3559 489 3616 obolisaureis.
509 3559 588 3628 llam,
604 3557 698 3615 eidam
715 3556 815 3628 viginli
830 3555 930 3614 obolos
949 3573 1002 3612 au·

175 3666 249 3718 reos,
265 3658 303 3715 el,
316 3647 371 3705 alia
387 3649 457 3718 lice,
474 3656 589 3704 centurn
607 3645 705 3702 libras.

211 3737 344 3795 Ecclesia
373 3737 471 3793 Sancti
499 3736 640 3792 Laurentii
669 3735 699 3790 in
730 3733 860 3798 bamaso,
895 3741 1002 3790 vestem

174 3826 381 3894 rubeam,cum
396 3823 555 3897 pavonibus
579 3823 683 3890 aureis,
709 3837 828 3894 cuppam
857 3822 893 3878 da
917 3821 1004 3878 rubeo

174 3915 300 3971 examito
314 3929 380 3971 oum
397 3913 544 3984 aurifrigio
559 3921 587 3969 el
601 3918 718 3969 centum
734 3911 833 3966 libras.

211 4003 344 4060 Ecclesia
365 4006 476 4058 Sancta
501 4001 597 4058 llariae
620 4000 770 4068 Rotunda,
795 3997 949 4069 pianelam,
974 4002 1004 4056 el

172 4095 260 4152 dossa
280 4091 337 4166 (39)
352 4107 418 4147 com
433 4089 583 4146 aurilribio
598 4091 732 4146 decenter
747 4097 888 4146 ornatam.

1058 3324 1144 3383 licam
1162 3324 1292 3392 rubeam,
1309 3339 1409 3381 croceo
1438 3324 1532 3380 colore
1558 3331 1709 3394 gallorum,
1739 3330 1765 3380 el
1794 3339 1878 3382 uuum

1057 3415 1186 3472 tunicam
1201 3413 1331 3481 rubeam,
1348 3413 1517 3484 insignitam
1542 3412 1713 3476 auibusdam
1729 3414 1879 3485 opusculis

1056 3507 1162 3571 aureis,
1186 3508 1216 3560 et
1237 3503 1388 3576 aurifrigio
1411 3504 1547 3559 decenter
1574 3511 1716 3574 urnulam,
1741 3507 1770 3558 ct
1793 3519 1877 3559 unam

1057 3595 1160 3652 stolam
1177 3595 1294 3650 sericam
1310 3608 1377 3648 cum
1391 3591 1537 3663 aurifrigio
1551 3600 1700 3664 apparalu.

1056 3948 1227 4095 Πῐὲξὲῖθῖἰω
1241 4040 1351 4094 Sancte
1366 4035 1460 4094 Mariae
1475 4037 1510 4092 dc
1523 4033 1705 4110 Compitalia,
1723 4053 1809 4094 onam
1825 4039 1878 4110 pla·

221 4271 266 4335 33)
283 4271 352 4328 Vide
366 4285 452 4340 sum
468 4273 529 4324 not·
547 4267 593 4324 34·
1092 4225 1149 4292 (40)
1164 4225 1266 4282 conler
1277 4240 1310 4308 ea
1324 4239 1386 4295 quae
1400 4223 1598 4308 adnotavimus
1613 4239 1700 4308 supra
1723 4225 1757 4280 ad
1779 4226 1793 4294 ἕ
1817 4225 1875 4281 leo.
1956 4241 1957 4246 ¹

1092 4296 1149 4368 (ll)
1164 4297 1374 4354 Pocaesalouem.
1390 4296 1437 4351 Sic
1449 4311 1479 4351 ln
1494 4295 1592 4353 oodrco
1607 4293 1806 4353 Valirceiiano.
1956 4323 1957 4338 ,

223 4343 269 4414 3⁴)
284 4343 353 4400 Vidi'
367 4341 484 4397 ibidem·
969 4422 1000 4462 n·
1015 4381 1042 4445 Ι)
1094 4368 1150 4440 (42)
1165 4367 1345 4425 conterenda
1357 4367 1478 4437 epistola
1493 4367 1527 4422 38
1543 4367 1607 4423 libri
1623 4367 1707 4436 lcrlii,
1731 4367 1875 4438 Praeposito

212 4415 269 4486 (35)
284 4413 509 4470 Gonlcrcudaad
532 4411 610 4466 huuc
634 4407 729 4465 iocum
755 4423 788 4464 ea
812 4422 874 4476 qua
900 4405 964 4480 lega

177 4494 223 4542 lur
237 4501 333 4556 supra,
349 4485 362 4553 ἓ
378 4486 404 4552 4,
419 4483 491 4538 Vide
507 4483 592 4536 etiam
609 4496 669 4551 que
686 4479 724 4535 ibi
739 4479 949 4534 aduolaaimus.

211 4556 270 4628 (36)
286 4555 436 4610 Basilicam
449 4553 482 4609 dc
494 4556 607 4624 lactura
620 4553 771 4607 lemovica.
781 4549 830 4606 Sic
851 4551 880 4604 in
905 4549 1004 4605 codice

178 4627 362 4685 vallicellana
379 4627 430 4694 lita
446 4641 563 4696 quoque
577 4627 640 4680 cod.
658 4621 736 4690 Maii)
750 4621 929 4684 Quirinalem
942 4619 1004 4677 haea

177 4699 231 4755 sibi
252 4697 337 4754 reliul
360 4711 511 4778 exponere,
541 4711 599 4750 nau
625 4696 695 4749 adeo
724 4691 807 4748 laclia
836 4693 920 4748 nobis
949 4700 1001 4748 eal.

177 4775 258 4827 Certe
272 4785 325 4823 vox
342 4767 488 4824 baselicam
505 4767 551 4822 bio
573 4765 633 4821 acci
656 4765 740 4820 ienda
761 4762 877 4818 videtur
900 4763 1001 4818 eodem
1058 4797 1074 4852 fi

175 4783 1003 4976 :llbtldltltlllatitillat”tiillita

174 4987 286 5057 sartura
305 4955 456 5046 Lemauicc,
469 4983 555 5052 juxta
569 4979 732 5048 ignorantes
755 4945 828 5033 eoi'ra
853 4991 906 5032 nas
929 4976 1000 5032 iulo·
1055 5010 1083 5066 di

176 5071 250 5112 mur.
267 5055 340 5113 Num
358 5070 391 5110 eo
406 5053 511 5110 saeoulo
524 5053 600 5108 lama
623 5049 757 5116 vigebant
782 5046 1001 5104 Lemovieensea

175 5127 333 5184 aurifices?
350 5125 402 5181 hoc
418 5125 534 5195 quidam
548 5123 632 5180 nobis
645 5120 701 5178 aiio
717 5118 936 5192 properantibus
955 5118 1000 5174 iu-

175 5201 313 5266 vestigare
329 5211 385 5252 riou
404 5197 484 5252 libet.

210 5270 267 5344 (37)
283 5268 352 5324 Vide
367 5283 463 5337 supra,
481 5270 538 5322 not.
557 5265 601 5320 34.

212 5339 268 5408 (33)
281 5339 352 5394 Vide
363 5353 447 5407 supra
463 5345 522 5394 nol.
537 5339 570 5392 ad
587 5337 601 5403 ἓ
617 5334 677 5388 lul.

212 5411 266 5482 (39)
290 5409 382 5464 Dassa.
411 5408 456 5464 Sic
485 5409 590 5478 iegitur
618 5405 647 5460 io
676 5403 774 5460 codice
800 5398 997 5468 vallicellano,

177 5496 248 5538 num
264 5482 361 5552 patius
376 5478 522 5535 dorsalia?
545 5509 570 5520 —
585 5474 700 5533 Dorscta
714 5473 779 5530 ilai.

1059 4439 1091 4496 de
1105 4439 1290 4510 duodenaria,
1306 4438 1434 4510 aliisque,
1451 4448 1505 4494 etc.
1525 4442 1587 4520 Qun
1600 4441 1728 4510 porrlifea
1750 4439 1876 4495 bortatur

1058 4512 1142 4582 ipsos,
1158 4515 1198 4580 ut,
1214 4529 1276 4568 cum
1296 4509 1432 4583 proposita
1461 4511 1606 4579 religaberis
1631 4511 1734 4582 uiuant,
1763 4511 1875 4581 regulus

1057 4583 1215 4652 conficiant,
1241 4597 1339 4654 easque
1366 4581 1401 4636 ad
1428 4581 1518 4637 sedem
1546 4582 1723 4654 apostoticam
1750 4585 1872 4638 mittunt.

1059 4661 1120 4711 nal.
1137 4661 1277 4714 tola-aur.

1091 4725 1145 4800 (43)
1162 4726 1266 4783 Urbem
1283 4723 1378 4780 Oltam
1395 4723 1463 4780 adiit
1477 4723 1661 4779 Innocentius
1675 4739 1772 4781 aanor
1801 4725 1873 4781 euti·

1078 4809 1159 4857 culus
1172 4799 1226 4864 sui,
1244 4811 1342 4853 iriense
1355 4795 1481 4852 Octobri.
1496 4794 1568 4850 Vide
1583 4809 1666 4864 supra
1682 4804 1740 4852 nol.
1756 4741 1797 4851 aas
1807 4796 1821 4870 ᾖ
1832 4797 1873 4852 40.

1092 4869 1148 4942 (44)
1164 4869 1266 4926 diutile
1280 4869 1391 4922 calesti.
1407 4867 1450 4922 Ad
1467 4867 1526 4922 bac
1548 4867 1635 4922 verba
1664 4868 1707 4923 sic
1735 4871 1873 4939 Congius:

1093 4964 1107 4994 a
1124 4945 1213 5000 timer
1228 4941 1355 5006 calcatis,
1369 4953 1483 5009 pannus
1498 4939 1655 5004 ceruleus:
1672 4939 1720 4994 sed
1737 4955 1822 5010 quare
1836 4940 1875 4996 sic

1087 5013 1173 5070 clusi
1187 5013 1268 5068 Gesta
1285 5027 1354 5067 mss.
1372 5009 1531 5066 iunocentii
1556 5009 1607 5065 PP.
1636 5009 1688 5077 ii,i
1712 5009 1749 5064 ab
1774 5009 1874 5065 iiiuslr.

1055 5081 1215 5143 Fontanino
1231 5085 1356 5151 iamlala,
1370 5083 1403 5136 ad
1421 5080 1529 5138 calcem
1558 5081 1758 5151 antiquaeorla,
1776 5099 1803 5150 p.
1816 5081 1874 5137 lol.

1055 5159 1132 5213 liano
1147 5157 1224 5212 dedit
1239 5156 1362 5212 ecclesiae
1378 5152 1489 5209 Ortona
1503 5169 1587 5208 unam
1601 5153 1741 5224 planetam
1755 5152 1789 5208 de
1807 5169 1874 5208 exa-

1054 5229 1121 5284 mila
1137 5229 1229 5292 rubeo,
1244 5243 1304 5283 cum
1319 5223 1468 5295 carismata
1482 5224 1608 5281 decenter
1629 5227 1779 5284 ornatam:
1800 5224 1874 5280 tuai-

1053 5315 1112 5355 cum
1127 5300 1166 5426 dg
1174 5301 1262 5427 lg’mile
1276 5299 1386 5368 caelesti,
1401 5306 1455 5354 alc.
1471 5298 1537 5364 Quae
1554 5297 1639 5352 uerba
1653 5295 1758 5353 desunt
1772 5297 1801 5351 in
1817 5297 1872 5352 edi·

1054 5372 1130 5428 lione
1168 5371 1292 5428 aurii.»

1093 3683 1227 3741 Ecclesia
1242 3688 1351 3739 Orlaaae
1370 3681 1438 3754 (43),
1456 3695 1542 3736 unam
1557 3681 1700 3752 pianelam
1711 3683 1745 3737 da
1755 3681 1878 3738 examito
1956 3721 1957 3732 ,

1057 3774 1146 3829 rubeo
1162 3788 1226 3828 curn
1242 3769 1388 3842 aurilrigio
1402 3771 1539 3826 decenter
1549 3777 1688 3836 urnulam,
1702 3769 1829 3826 tunicam
1845 3771 1878 3826 de
1956 3797 1957 3832 ,

1057 3861 1148 3918 limite
1163 3859 1272 3916 ooelesli
1287 3858 1354 3930 (44),
1371 3872 1455 3914 unam
1472 3857 1666 3924 dalmaticam,
1681 3865 1709 3914 al
1722 3873 1811 3914 uuum
1827 3875 1877 3913 au·
1956 3867 1957 3906 l
