3952 6042
582 218 783 278 lNllOGllN'l‘ll
801 218 840 276 lll
859 218 913 276 PP.
934 219 1168 280 natustondu
1190 222 1257 278 Llll.
1278 221 1291 277 1
1763 223 1791 276 ἡ
1862 219 1863 222 ’

113 345 907 422 rximirsdestinandasrscrenitatemregiamrogautes,
924 359 954 428 Α
962 349 1062 420 jurarit
1077 349 1155 406 tomo
1168 365 1224 408 noa
1234 349 1568 423 sepcrctlllcttlt.xrx,tl‚
1581 347 1793 406 perhumana
1862 361 1863 366 ’

113 443 244 498 torrentes
258 443 288 495 et
301 438 490 494 exhortantes
503 435 534 494 in
549 437 686 507 Domino,
702 442 733 494 et
746 437 778 493 in
803 435 911 494 remis·
965 436 1798 513 adinventioniseddivinaauctoritatipotiusascribatnr

114 525 913 602 onemtibipeccaminuminjungentesquatennssan·
965 527 1148 585 matrimonii
1159 535 1389 588 sacramentum.
1399 529 1456 585 Per
1465 528 1556 601 quod,
1566 529 1636 586 licet
1648 529 1729 586 inter
1738 527 1796 584 ho-

113 637 166 677 :am
185 621 268 674 Rom.
285 616 447 674 Ecclesiam
462 621 588 674 matrem
603 621 685 673 tuam
709 615 808 674 taliter
830 631 911 672 reve·
966 617 1064 674 mines
1077 618 1279 689 contrahatur,
1296 619 1480 694 significatur
1494 623 1593 676 tamen
1617 619 1649 675 in
1674 617 1795 674 Christo

113 710 146 764 eri
161 714 191 764 et
204 708 349 763 honorare
364 722 517 780 procures,
527 709 561 762 ut
571 705 682 762 inclitas
696 705 912 764 recordationis
964 706 1327 782 conjunctioEcclesiaeac
1337 707 1593 766 auimaefldelisad
1602 707 1699 781 ipsum
1705 708 1795 780 juxta

113 841 117 854 .
135 798 226 872 patris
250 797 293 853 tui
314 797 438 870 vestigia
451 796 483 852 in
499 796 594 870 ipsius
606 795 761 852 devotione
777 794 912 868 sequaris
966 795 1041 854 illud
1056 797 1188 871 Apostoli
1206 815 1213 854 ε
1229 801 1285 856 lloc
1309 805 1399 856 autem
1420 799 1480 855 dico
1491 813 1621 869 mam
1636 813 1794 854 sacromen-

113 907 117 944 ι
139 887 226 945 nohis
245 887 283 944 ad
297 887 467 960 apostolice
488 886 568 944 sedis
582 885 839 960 gubernationem,
854 886 913 941 llo·
966 892 1025 944 tam
1047 888 1077 943 ia
1102 887 1207 946 Christo
1234 895 1259 946 et
1280 891 1311 946 ta
1331 889 1453 946 Ecclesia
1467 887 1567 960 tllphes
1581 903 1609 957 v,
1625 887 1680 948 ³2).
1697 884 1794 954 Unde,

113 979 168 1034 rino
184 977 372 1051 disponente,
388 975 550 1050 assumptis
569 975 724 1034 humiliter
747 979 776 1030 et
797 973 912 1044 devote,
968 981 1113 1049 quantum
1137 977 1168 1034 in
1192 976 1281 1034 nobis
1308 981 1362 1046 est,
1382 976 1522 1036 Ecclesia
1549 975 1620 1034 filiis
1649 974 1797 1032 debemus

115 1073 164 1123 cut
186 1067 271 1124 decet
292 1066 459 1140 principem
482 1065 693 1133 Christianum,
709 1063 841 1122 assistas.
855 1063 913 1119 Nos
968 1066 1194 1124 summostudio
1207 1081 1440 1141 praecaverane,
1451 1067 1474 1123 si
1486 1064 1797 1139 quisimpieageusin

113 1161 169 1216 iim
199 1159 230 1215 in
256 1158 303 1214 his
332 1174 398 1231 qua
426 1156 464 1212 ad
490 1155 635 1213 honorem
656 1161 740 1213 tuum
767 1158 913 1228 spectant,
968 1155 1100 1228 seipsum
1110 1160 1224 1228 partem
1234 1156 1278 1212 sui
1288 1156 1433 1229 corporis,
1444 1156 1514 1228 quia
1523 1153 1660 1212 scindere
1670 1153 1799 1210 omnino

113 1255 234 1307 uantum
248 1264 316 1304 cum
332 1247 458 1304 Domino
477 1261 647 1319 possumus,
662 1244 793 1302 libenter
815 1243 915 1300 interr·
968 1259 1029 1300 uon
1044 1248 1179 1317 potesta
1193 1261 1224 1300 se
1238 1243 1339 1301 forsan
1354 1243 1483 1301 avellere
1493 1241 1801 1311 attentarit,animam

113 1342 199 1411 imus,
213 1343 242 1395 et
254 1338 333 1395 circa
346 1353 505 1411 personam
520 1337 631 1410 regiam
643 1341 774 1409 paterna
784 1333 914 1409 gerimus
969 1348 1054 1390 snam
1063 1350 1080 1390 a
1089 1331 1196 1390 divine
1206 1331 1801 1406 bonitatisamplexibuseillciatslienam

113 1429 244 1488 haritatis
260 1428 410 1484 allecium·
969 1439 999 1491 et
1012 1438 1134 1508 propter
1144 1433 1201 1492 hoc
1216 1439 1309 1491 totam
1322 1433 1485 1491 Ecclesiam
1498 1437 1580 1490 tanto
1593 1431 1723 1506 amplius
1738 1430 1801 1487 sibi

476 1523 524 1580 lll.
970 1523 1236 1597 reddatolleusam‚
1247 1527 1360 1598 quanto
1370 1521 1599 1597 minusprovide
1610 1521 1734 1596 liguram
1747 1521 1805 1578 de·

113 1632 250 1686 esuriens,
270 1629 411 1671 retornus
438 1629 471 1670 ar
498 1629 569 1670 saus
594 1627 742 1668 armciosis
770 1626 798 1666 iu
826 1623 915 1666 nasso
971 1613 1171 1687 sponsationis
1187 1614 1251 1686 ejus
1270 1614 1308 1670 ad
1331 1613 1493 1680 Christum,
1509 1616 1654 1686 quantum
1676 1611 1707 1669 in
1729 1611 1802 1684 ipso

336 1720 469 1762 rosacum
487 1719 667 1762 cousrirurrs.
970 1703 1077 1770 luerat,
1087 1701 1254 1760 maculavit.
1265 1703 1331 1759 llaec
1340 1708 1440 1760 autem
1450 1718 1512 1759 non
1520 1701 1557 1759 ad
1567 1701 1802 1758 instructionem

184 1799 217 1854 Ut
224 1812 278 1870 pro
293 1811 384 1852 recem
395 1795 477 1852 electo
488 1795 618 1868 pontifics
636 1795 720 1850 Deam
734 1796 826 1871 ¹ararat.
931 1749 957 1817 Β
972 1798 1064 1863 tuam,
1076 1807 1165 1865 quem
1183 1791 1289 1849 divinas
1299 1792 1373 1867 legis
1384 1792 1521 1850 notitiam
1531 1791 1649 1866 plenius
1658 1789 1802 1847 norimus
1862 1845 1863 1860 ,

127 1899 160 1954 la
181 1895 303 1952 eumden
325 1895 435 1954 modam
462 1891 617 1961 abbatibus,
634 1891 788 1964 pambus,
805 1894 831 1946 et
853 1888 916 1944 ultis
969 1881 1117 1952 obtinere,
1134 1881 1186 1938 sed
1209 1887 1242 1939 ut
1257 1881 1433 1940 intentionis
1454 1886 1563 1938 nostres
1577 1879 1801 1938 vehementiam

113 1988 227 2059 stipicsis
256 1987 287 2040 tn
317 2000 401 2056 rapae
431 1983 555 2038 Francia
587 1983 857 2052 constitutamque
880 1977 917 2034 od
970 1971 1182 2045 exprimemus,
1198 1972 1397 2045 presentibus
1410 1971 1518 2031 litteris
1539 1970 1677 2028 duximus
1701 1968 1803 2042 expli-

113 2077 205 2134 arbam
220 2074 292 2132 illud
302 2089 338 2131 ac
352 2071 576 2130 considerantes
590 2085 646 2126 nos
656 2085 693 2127 ex
702 2069 822 2144 propria
835 2067 918 2126 intir-
970 2061 1075 2118 canda.
1088 2061 1143 2129 Qui
1158 2066 1269 2134 quanto
1284 2061 1494 2118 charissimum
1512 2059 1545 2116 in
1568 2059 1683 2116 Christo
1699 2058 1803 2116 lilium

113 2167 194 2224 ritate
209 2164 349 2232 delicere,
363 2161 423 2220 nisi
439 2159 586 2234 sullragiis
600 2159 705 2216 vestris
720 2164 750 2215 ct
771 2157 829 2232 pits
848 2173 918 2230 pre-
970 2156 1107 2208 noshum
1129 2149 1301 2224 Philippum
1330 2152 1510 2208 Francorum
1533 2165 1633 2224 regem
1648 2148 1803 2206 illustrem

113 2257 177 2312 ibus
205 2252 285 2328 apud
311 2251 471 2309 Dominum
495 2247 678 2323 adjuvemur,
694 2247 917 2306 universitatem
970 2237 1805 2314 puriusdiligimusetspecialiquodamprivilegiointeu-

113 2351 221 2402 aetram
235 2357 384 2416 rogamus,
399 2353 556 2396 monemus
571 2344 601 2395 et
615 2338 807 2394 exhortamur
819 2337 850 2394 in
863 2338 918 2394 Do-
971 2329 1069 2386 dimus
1084 2329 1212 2403 amplius
1223 2330 1381 2399 honorare,
1390 2335 1473 2387 tanto
1482 2327 1560 2385 inira
1569 2344 1624 2385 nos
1639 2328 1721 2401 ipsos
1736 2327 1807 2384 lor-

113 2435 174 2490 iino
201 2437 348 2506 quatenus
367 2429 447 2502 apud
468 2444 537 2486 eum
552 2443 571 2486 a
585 2443 644 2501 quo
660 2443 815 2504 speramus
829 2425 917 2500 dirigi
971 2418 1030 2476 tius
1045 2418 1257 2476 contristamur
1270 2419 1350 2492 qnod
1365 2418 1556 2476 charisimam
1580 2416 1611 2474 in
1626 2415 1745 2474 Christo
1761 2417 1809 2473 ss-

113 2540 211 2582 ressus
225 2525 344 2578 nostros
359 2517 487 2578 assiduis
501 2517 689 2576 orationibus
704 2517 809 2574 vestris
823 2515 918 2573 inste·
971 2507 1042 2564 liam
1058 2513 1191 2566 nostram
1200 2509 1381 2566 mancorum
1393 2507 1526 2582 reginam
1537 2505 1807 2580 illustrem,qnan-

113 2617 187 2684 .s,ut
208 2628 264 2670 nos
285 2610 323 2668 ad
348 2609 469 2668 laudem
497 2606 630 2664 nominis
655 2607 701 2664 sui
725 2612 755 2663 et
778 2603 916 2662 Ecclesia
972 2601 1035 2653 tum
1046 2597 1076 2654 in
1093 2613 1127 2654 eo
1137 2597 1267 2668 iuit‚ase
1282 2597 1383 2655 minus
1393 2596 1473 2654 licite
1489 2596 1577 2653 nixus
1590 2601 1635 2654 est
1650 2612 1804 2654 amovere.

113 2699 520 2770 aeramentumcommissam
530 2696 617 2754 nobis
629 2694 860 2754 sollicitudinem
872 2699 920 2752 ta·
971 2686 1016 2743 Ad
1029 2687 1182 2744 cumulum
1197 2693 1341 2761 Pfffliflfta
1352 2687 1447 2745 ¹10⁸lli
1459 2685 1571 2743 d⁰l⁰fi⁵
1582 2684 1696 2744 ²0⁰&st
1706 2683 1804 2758 (1¹¹⁰d»

113 2795 164 2848 iter
175 2791 300 2864 implere
310 2788 495 2846 concedatut
507 2790 536 2842 et
546 2803 601 2842 nos
611 2784 816 2842 retributionis
832 2789 919 2841 aeter-
972 2801 1041 2844 cum
1053 2785 1184 2843 universi
1195 2787 1399 2861 progenitores
1412 2785 1476 2859 ejus
1484 2785 1545 2842 reri
1556 2784 1803 2858 luerintreligio·

113 2899 141 2938 ‚re
156 2880 312 2954 premium
328 2892 497 2936 mereamur
510 2879 541 2931 et
554 2872 683 2947 populus
693 2878 801 2930 nestrae
811 2872 920 2946 guber·
972 2875 1020 2932 uis
1030 2874 1204 2932 Christianae
1219 2875 1349 2932 caltores
1363 2874 1453 2949 (inter
1463 2891 1538 2948 quos
1548 2873 1673 2930 illustris
1683 2889 1802 2930 memo·

113 2970 209 3028 rationi
225 2967 402 3025 commissus
417 2965 449 3020 in
463 2963 527 3038 lege
541 2962 751 3020 mandatorum
773 2962 838 3037 ejus
866 2979 920 3035 per
971 2964 1024 3021 rias
1034 2965 1065 3020 L.
1073 2965 1224 3037 quondam
1234 2981 1286 3022 rex
1296 2964 1671 3038 Francie,paterejus,pra
1681 2961 1803 3020 ceteris

113 3077 152 3116 ios
167 3057 255 3116 verbo
269 3054 405 3130 proficiat
419 3059 449 3109 et
461 3050 607 3125 exemplo.
624 3052 681 3108 Nos
695 3051 776 3108 enim
788 3068 839 3108 uos
851 3055 919 3106 tan-
974 3053 1020 3110 sui
1035 3053 1178 3126 temporis
1192 3053 1360 3127 precipuus
1373 3052 1478 3108 diuina
1493 3052 1550 3109 luit
1564 3051 1638 3126 legis
1658 3057 1802 3120 amator),

113 3165 188 3222 Quam
213 3143 357 3219 speciales
380 3141 520 3200 Ecclesia
544 3140 633 3212 illios,
649 3157 704 3214 per
723 3157 798 3213 quos
810 3155 921 3198 nomen
936 3126 962 3195 C
975 3143 1057 3217 regia
1071 3143 1228 3212 serenitas,
1239 3159 1329 3216 quam
1344 3141 1400 3215 ipsi
1414 3140 1559 3198 vellemus
1572 3157 1634 3198 non
1651 3141 1751 3197 minus
1766 3140 1802 3197 in

113 3236 215 3294 tomini
231 3233 348 3307 dignius
372 3236 402 3288 et
428 3229 622 3288 excellentius
636 3229 824 3303 praedicatur,
840 3233 922 3288 tauto
975 3229 1805 3305 observantiamaudatorumllominiquamregnihaere-

113 3324 227 3398 mplius
241 3321 425 3380 intendimus
439 3319 472 3378 in
486 3320 591 3378 vestris
601 3318 924 3393 necessitatibusadju-
976 3323 1066 3380 ditate
1081 3323 1250 3393 succedere,
1265 3328 1370 3379 contra
1384 3321 1511 3378 salutem
1527 3326 1556 3377 et
1580 3320 1692 3378 lamam
1715 3335 1804 3376 suern

113 3409 177 3482 are,
206 3417 318 3485 quanto
345 3411 378 3486 iu
404 3409 551 3484 majorem
576 3409 714 3466 Ecclesia
744 3408 925 3466 redundaret
976 3410 1085 3468 dictam
1098 3409 1626 3486 reginamaconsortiotoriremotam
1637 3409 1810 3466 irremotis

113 3503 252 3577 ajuriam,
263 3501 290 3558 si
309 3501 380 3574 jura
404 3505 500 3558 restra
515 3498 719 3573 quorumlibet
733 3497 924 3573 [temeritate]
976 3500 1110 3574 partibus
1120 3502 1202 3575 regni
1214 3497 1728 3573 Francorum,licetiuterrsligiosas
1743 3498 1813 3570 pri-

113 3599 269 3650 rateremur
284 3591 433 3664 occupari·
978 3594 1061 3646 ratas
1085 3594 1185 3646 tamen
1209 3605 1365 3663 personas,
1378 3590 1445 3647 vitre
1461 3605 1522 3646 suae
1534 3605 1655 3646 cursum
1681 3587 1813 3661 implere

486 3699 532 3754 1v,
978 3678 1140 3752 compellit.
1148 3679 1228 3736 hicet
1237 3684 1336 3736 autem
1347 3679 1444 3736 felicis
1455 3678 1671 3736 recordationis
1682 3676 1813 3733 Celesti—

358 3801 507 3843 „mmm
527 3801 667 3843 mmm,
978 3767 1811 3842 nuspapapredecessornosterapudeumnonpotuerit

113 3883 139 3936 lt
153 3880 287 3935 illustrem
302 3879 470 3932 ltraacoram
490 3891 580 3946 repom
597 3880 705 3930 moneat
724 3880 750 3930 et
763 3875 877 3931 tadaeat
890 3876 927 3931 ad
971 3867 1113 3925 obtinere
1123 3874 1156 3925 ut
1164 3868 1400 3942 reginamipsam
1411 3868 1443 3926 in
1452 3867 1578 3943 gratiam
1586 3867 1810 3926 etbenerolen·

125 3950 310 4024 recipiendam
324 3950 448 4018 retinam
462 3963 574 4002 “mm
587 3961 766 4020 tmolum
780 3947 906 4018 ejecerat.
980 3958 1051 4014 ham
1059 3973 1143 4015 suam
1153 3963 1304 4030 receptam
1310 3955 1348 4014 ad
1359 3957 1442 4031 regni
1448 3957 1632 4014 consortium
1642 3961 1807 4026 reuocaret,

429 4037 600 4108 (Laterani.)
979 4051 1209 4104 nostamennon
1220 4045 1257 4103 de
1269 4046 1384 4103 meritis
1395 4047 1516 4117 nostris,
1525 4047 1577 4104 sed
1592 4045 1692 4104 divina
1706 4045 1809 4119 potius

138 4138 212 4195 Cum
235 4135 338 4192 omnia
360 4139 425 4192 orta
448 4133 586 4190 occidant
606 4139 636 4190 et
658 4139 745 4192 aucta
759 4139 927 4206 senescant,
980 4137 1171 4194 miseratione
1187 4141 1341 4210 sperantes
1352 4140 1382 4192 et
1395 4134 1432 4193 de
1442 4136 1581 4209 puritatis
1595 4141 1653 4193 tus
1661 4135 1812 4193 sollicitu-

113 4245 140 4285 re
156 4243 280 4301 operum
300 4225 418 4282 Domini
441 4225 581 4299 primitie
605 4225 724 4299 penitus
747 4225 928 4298 deperirent,
980 4225 1050 4282 dine
1063 4225 1259 4296 confidentes,
1275 4241 1365 4299 quem
1389 4225 1574 4296 litteratura,
1587 4225 1753 4282 honestatis
1779 4230 1812 4282 et

113 4318 199 4374 *osuit
212 4319 289 4374 Deus
305 4321 469 4373 sementem
480 4315 567 4388 juxta
580 4315 695 4389 species
718 4331 786 4372 suas
812 4316 843 4372 in
873 4317 929 4372 ali·
980 4315 1246 4388 consanguinitatis
1257 4314 1366 4372 intuitu
1377 4331 1442 4371 esse
1458 4315 1609 4372 credimus
1624 4314 1655 4372 iu
1671 4311 1811 4390 ejusdem

113 4405 210 4479 {uibus
242 4410 427 4473 creatorum
448 4409 482 4460 ut
508 4420 574 4476 qua
610 4404 775 4462 secuudum
809 4421 929 4462 cursum
980 4403 1811 4479 regisoculisgratiosum,precumnostrarumprimitias,

113 4495 244 4566 emporis
274 4484 445 4564 delicerent,
460 4494 492 4550 in
521 4494 628 4566 seipsis
656 4495 687 4550 ia
712 4510 765 4551 sua
789 4499 923 4552 semente
939 4491 965 4558 D
981 4512 1035 4568 per
1049 4500 1077 4552 te
1093 4494 1149 4568 ipsi
1165 4509 1200 4550 ex
1215 4499 1299 4567 parte
1308 4492 1812 4566 nostraporrectas,ubipsoconti-

113 4583 323 4640 >reficereutet
336 4583 368 4638 in
383 4584 571 4656 reparatione
597 4584 643 4639 sui
664 4584 782 4658 generis
805 4585 927 4642 uberius
980 4584 1080 4640 dimus
1091 4588 1172 4640 tanto
1183 4583 1326 4644 libentius
1335 4582 1666 4657 admittendss,quanto
1677 4581 1809 4656 amplius

113 4673 284 4730 »resilirent
300 4671 346 4728 Sic
362 4672 462 4741 etiam,
478 4689 515 4728 ne
530 4671 620 4728 homo
636 4671 673 4729 ad
689 4674 849 4747 imaginem
873 4675 926 4732 liei
981 4671 1116 4747 deipsins
1127 4687 1230 4731 sumus
1237 4670 1333 4730 salute
1343 4671 1513 4742 solliciti,et
1523 4689 1577 4746 per
1585 4672 1675 4746 hujus
1686 4677 1810 4744 aposto-

113 4763 196 4818 'actus
212 4766 241 4818 et
255 4766 316 4818 tam
329 4759 498 4818 volucribus
513 4761 579 4818 cccli
592 4778 681 4834 quam
692 4763 823 4835 piscibus
834 4764 926 4820 maris
980 4770 1045 4826 lice
1055 4769 1207 4843 petitionis
1218 4771 1358 4828 ellectum
1369 4785 1430 4826 non
1441 4773 1501 4828 tarn
1516 4769 1627 4829 nostrie
1641 4768 1807 4828 commodis

113 4855 132 4906 st
145 4851 291 4907 universis
306 4847 509 4908 animantibus
525 4867 590 4923 qua
605 4857 761 4908 morentur
771 4870 860 4927 super
871 4859 927 4910 ter·
980 4875 1069 4933 quam
1083 4858 1245 4934 integritati
1261 4859 1307 4916 sui
1321 4859 1454 4916 nominis
1463 4858 1645 4918 consuletur.
1658 4861 1807 4934 Rogamus

113 4956 167 4996 em
186 4955 311 4996 munere
325 4940 424 4996 divino
439 4941 590 5013 prelatus,
601 4941 632 4996 iu
647 4941 779 4998 sterilem
794 4943 926 5000 cinerem
980 4949 1070 5024 igitur
1081 4948 1299 5006 fraternitatem
1308 4955 1401 5018 tuam,
1413 4963 1572 5007 monemus
1580 4953 1610 5006 et
1617 4949 1811 5006 exhortamur

113 5028 213 5086 sterilis
225 5028 289 5102 ipse
302 5028 424 5098 rediret,
440 5029 568 5086 formata
582 5030 707 5087 muliere
726 5031 758 5088 in
781 5033 926 5090 auxilinm
979 5039 1011 5095 in
1021 5039 1197 5109 nominare
1206 5037 1609 5113 parapostolicatibiscripta
1619 5036 1809 5106 mandamus,

113 5117 168 5189 rjus
183 5118 219 5174 de
233 5117 326 5174 latere
340 5116 528 5189 dormientis,
541 5119 671 5176 audivit:
686 5122 801 5178 Crescite
814 5128 840 5179 et
853 5123 927 5179 mul-
980 5135 1127 5202 quatenus
1135 5129 1274 5186 eumdem
1282 5145 1383 5204 regem
1393 5133 1521 5201 exparte
1529 5127 1811 5202 nostradiligentius

113 5207 279 5280 '‘tummim'’
290 5212 316 5264 ⁶⁶
333 5207 433 5279 ''wltit
446 5212 546 5264 imm
561 5208 638 5281 (aaa.
655 5225 674 5278 12
688 5208 744 5283 2⁸l·
762 5211 835 5268 Cum
857 5227 925 5286 ergo
980 5218 1810 5292 manassetiuducas,etinremissionemeipeccstorum

113 5309 141 5348 tx
159 5299 230 5352 tunc
252 5296 323 5354 ada
351 5297 509 5368 posteritas
530 5297 587 5354 sibi
611 5299 738 5355 invicem
753 5299 839 5374 jungi
854 5317 927 5360 con·
979 5309 1120 5382 injungas
1131 5314 1165 5364 ut
1177 5309 1351 5382 predictam
1364 5309 1500 5382 reginam
1529 5309 1561 5366 in
1588 5307 1808 5382 plenitudinem

113 5383 232 5438 nerent
250 5383 360 5443 laedere
383 5385 522 5459 nuptiali,
537 5403 632 5460 usque
653 5387 727 5445 adeo
745 5389 776 5444 in
797 5389 854 5448 hoc
868 5391 926 5465 ipsi
979 5397 1080 5470 gratia
1094 5397 1203 5472 regalis
1209 5397 1371 5456 admissam
1381 5398 1511 5454 maritali
1523 5396 1642 5456 studeat
1650 5396 1809 5454 allectione

113 5475 259 5571 massata
272 5476 319 5572 pst
332 5477 362 5530 st
375 5479 444 5548 post
450 5474 569 5549 lapsum
579 5475 712 5550 parentis
720 5475 840 5537 dextm
848 5480 926 5545 Gou-
979 5491 1106 5544 tractme
1115 5504 1123 5556 ;
1132 5493 1166 5544 ut
1176 5486 1354 5546 minentem
1364 5487 1552 5560 resersus,in
1561 5485 1808 5548 laudemllomini

113 5553 258 5630 ltimotlt
267 5560 439 5633 ΜΝ
452 5564 671 5638 meditatu:
682 5565 761 5633 oua
773 5569 845 5630 llum
857 5587 925 5632 aaa·
977 5591 1048 5635 oum
1061 5575 1149 5640 Petro
1162 5575 1300 5636 manus
1314 5592 1323 5636 r
1339 5578 1416 5636 am
1428 5579 1485 5638 scio
1500 5593 1563 5640 asro
1579 5579 1648 5652 pario
1660 5577 1736 5646 aicit
1747 5575 1805 5639 llo·
