3918 6014
730 189 760 214 ⁷
813 233 1060 304 ¹inuocarnus
1078 233 1116 287 111
1135 233 1192 289 rr.

862 619 1153 707 PRAEFATIO

198 1042 383 1103 Innocentius
398 1045 450 1112 ΙΙΙ,
467 1041 594 1114 pontifex
610 1041 764 1106 decianus,
781 1043 810 1095 ut
826 1045 886 1096 erat
900 1038 940 1096 rir
953 1037 1002 1094 alti
1017 1042 1047 1095 et
1061 1039 1169 1110 providi
1185 1039 1306 1112 ingenii,
1318 1041 1378 1112 jam
1393 1040 1429 1098 ab
1440 1041 1509 1113 ipsis
1522 1041 1566 1098 sui
1577 1041 1761 1112 pontificatus
1775 1042 1876 1099 initiis

162 1135 259 1192 statuit
273 1151 323 1207 pro
339 1149 418 1190 more
432 1131 548 1188 illorum
564 1129 693 1202 quiante
710 1144 775 1186 eum
790 1128 887 1184 sedem
902 1127 1086 1199 apostolieum
1101 1131 1252 1186 tenuerunt
1266 1129 1296 1185 in
1312 1129 1461 1201 liegestum
1476 1147 1559 1187 suum
1574 1131 1691 1199 reterre,
1704 1147 1762 1188 non
1772 1131 1874 1188 solum

161 1223 295 1296 epistolas
310 1239 385 1290 suas,
402 1219 551 1278 sedetiam
567 1219 745 1290 easquaead
763 1217 856 1290 ipsum
872 1215 1072 1274 scribebantur
1085 1217 1121 1278 de
1142 1217 1296 1289 majoribus
1319 1219 1423 1291 causis,
1447 1235 1480 1277 ae
1504 1227 1640 1293 preterea
1663 1220 1794 1292 graviora
1816 1237 1874 1278 nc-

64 1377 67 1384 ,
161 1313 237 1383 gotia
251 1328 313 1384 quae
328 1310 383 1367 sub
396 1307 565 1366 auctoritate
579 1305 833 1378 sedisapostolicae
846 1305 1021 1378 gerebantur
1034 1306 1065 1362 in
1081 1305 1235 1377 provinciis
1248 1313 1276 1363 et
1288 1309 1383 1379 regnis
1398 1308 1501 1366 Christi
1515 1309 1683 1380 religionem
1693 1309 1875 1380 colentibus,

162 1409 191 1457 ut
216 1402 345 1458 ridemus
365 1400 394 1455 iu
419 1399 472 1454 ista
497 1395 680 1469 epistolarum
700 1396 763 1466 ejus
777 1395 957 1452 collectione.
973 1393 1070 1465 Neque
1085 1394 1163 1450 enlm
1176 1393 1308 1467 ampliori
1323 1396 1491 1466 probatione
1505 1398 1615 1469 indiget
1629 1396 1684 1454 ista
1699 1396 1873 1454 obseruatio.

160 1495 235 1548 Saue
249 1489 373 1546 multum
389 1488 524 1546 intererat
539 1486 613 1558 reip.
628 1484 796 1544 Christiane
810 1491 840 1540 ut
854 1483 904 1540 illa
918 1481 1051 1555 cegitatio
1066 1482 1185 1542 intraret
1197 1484 1228 1540 in
1243 1484 1373 1542 animum
1388 1487 1459 1542 tanti
1474 1486 1539 1556 riri,
1555 1499 1621 1544 cum
1644 1503 1678 1543 ea
1698 1486 1808 1544 ratione
1831 1487 1876 1542 ad

161 1595 215 1639 uos
230 1579 320 1636 multa
335 1576 458 1635 illustria
471 1575 649 1646 antiquitatis
663 1573 864 1632 ecclesiastieae
880 1579 1069 1630 monumenta
1082 1573 1273 1644 pervenerint,
1289 1573 1392 1646 quibus
1406 1574 1482 1632 baud
1494 1574 1580 1632 dubie
1588 1590 1752 1633 careremus
1762 1575 1878 1647 absque

76 1699 85 1716 ·
162 1667 212 1728 illa
221 1667 383 1726 iunocentii
394 1664 582 1740 providentia.
596 1662 757 1722 Dolendum
772 1670 868 1720 tamen
882 1669 924 1720 est
940 1662 980 1718 ita
993 1661 1178 1732 indiligenter
1192 1669 1343 1720 tractatum
1357 1679 1421 1720 esse
1436 1663 1490 1722 hoc
1505 1664 1650 1736 negotium
1666 1671 1696 1722 ut
1706 1680 1764 1722 non
1774 1666 1876 1723 solum

162 1757 198 1816 ab
213 1772 281 1828 unq
297 1756 371 1829 quod
387 1754 510 1814 mulne
524 1752 718 1811 necessarium
734 1767 768 1808 ae
782 1751 854 1808 utile
866 1749 1024 1821 videbatur,
1039 1751 1202 1808 coniectum
1217 1765 1276 1808 uon
1291 1751 1385 1819 tuerit,
1402 1754 1450 1810 sed
1466 1760 1602 1824 preterea
1615 1755 1655 1810 ita
1666 1755 1822 1812 oscitanter
1835 1769 1877 1812 ac

164 1849 267 1922 supine
289 1847 321 1904 in
334 1844 406 1904 illud
420 1843 609 1902 incubuerint
621 1841 791 1900 collectores
804 1845 838 1898 ut
852 1839 965 1898 nullum
980 1841 1070 1899 terme
1083 1841 1213 1898 ordinem
1226 1841 1256 1898 in
1271 1855 1304 1900 ec
1319 1857 1404 1914 opere
1418 1841 1574 1915 digerendo
1589 1845 1773 1901 servaverint.
1788 1845 1876 1910 Quod

164 1945 195 1994 ut
209 1937 308 1994 lector-i
323 1935 426 1994 melius
439 1933 556 2006 liqueat,
572 1932 743 2004 explicanda
757 1938 822 1988 sunt
837 1930 893 1988 ista
908 1946 958 2001 per
973 1934 1077 2002 partes.

199 2027 296 2086 Primo
310 2025 389 2084 cuim
402 2041 420 2082 a
433 2022 552 2082 dirersis
567 2021 697 2095 personia
711 2019 897 2092 compositam
914 2019 1001 2076 inisse
1015 2020 1135 2077 istorum
1151 2017 1290 2076 librorum
1306 2018 1505 2078 collectionem
1522 2020 1730 2091 satiaremur,
1744 2025 1878 2081 ostendit

163 2123 244 2178 uetus
259 2121 324 2174 nota
338 2113 466 2184 appositu
478 2113 508 2168 in
524 2112 611 2168 veteri
626 2109 780 2182 exemplari
793 2116 855 2181 post
870 2108 1023 2181 epistolam
1036 2109 1086 2164 aet
1103 2109 1171 2166 libri
1185 2126 1225 2180 ιι,
1241 2109 1289 2166 ubi
1304 2110 1348 2167 sic
1362 2109 1465 2182 legitur
1481 2128 1488 2168 a
1508 2110 1663 2168 Willelmca
1684 2112 1777 2186 Seoser
1797 2111 1875 2169 Gora-

161 2201 321 2260 stratensis
346 2199 473 2258 diaecmis
495 2197 593 2256 scribit
608 2197 787 2254 aadcdmcm
802 2195 916 2252 tibrum.
933 2195 1006 2254 Nam
1021 2195 1046 2252 si
1059 2211 1133 2253 unus
1147 2195 1279 2269 idemque
1295 2197 1378 2254 bomo
1393 2213 1494 2255 omues
1508 2199 1677 2270 scripsisset,
1693 2199 1794 2256 inutile
1809 2205 1877 2257 erat

162 2293 316 2348 admonere
331 2289 408 2348 bunc
422 2287 528 2348 librum
543 2303 559 2346 u
574 2287 716 2344 Germano
731 2286 782 2346 illo
797 2286 935 2358 scriptum
952 2285 1047 2344 luisse
1066 2285 1153 2343 Porro
1169 2301 1228 2344 non
1242 2286 1331 2343 alium
1355 2286 1444 2346 luisse
1465 2287 1568 2346 borum
1591 2289 1773 2361 Regestorum
1798 2305 1873 2346 eon-

163 2380 368 2438 sarcinatorem
383 2393 469 2450 quava
484 2376 562 2448 ipsos
576 2376 685 2434 scribas
700 2373 768 2432 bine
783 2376 869 2433 etiam
884 2374 1023 2433 evincitur
1037 2375 1114 2447 qued
1129 2376 1282 2432 admodum
1297 2375 1482 2447 indiligenter
1495 2383 1523 2434 et
1537 2377 1642 2450 absque
1653 2377 1712 2436 ullo
1722 2377 1811 2435 ferme
1822 2393 1874 2436 or-

92 2539 95 2546 .
162 2469 240 2535 dine,
263 2475 293 2524 ut
315 2474 400 2526 autea
423 2466 493 2536 dial,
518 2465 654 2538 epistolas
668 2464 829 2522 Innocentii
843 2464 1066 2535 descripserant,
1081 2464 1157 2536 qaod
1171 2464 1323 2536 plerasque
1338 2464 1498 2522 omiserunt
1512 2479 1577 2538 que
1591 2470 1660 2523 suni
1675 2467 1791 2539 majoris
1806 2481 1873 2524 mo·

91 2558 98 2578 ”
163 2557 352 2628 meutiquam
368 2556 440 2614 benc
454 2554 553 2614 multae
566 2569 630 2628 que
644 2569 724 2612 nuuc
746 2561 858 2612 castam
882 2553 913 2610 iu
929 2553 1058 2625 liegesto,
1075 2553 1149 2624 quod
1164 2553 1301 2625 quasdam
1315 2553 1387 2611 loeis
1400 2569 1460 2612 non
1475 2555 1534 2612 suis
1546 2562 1735 2627 reposuerunt
1748 2562 1773 2612 et
1788 2557 1819 2612 ln
1836 2556 1874 2612 li·

164 2643 222 2702 bris
237 2661 296 2704 nou
306 2646 375 2714 suis,
388 2645 463 2717 quod
474 2644 620 2701 interdum
636 2657 723 2701 uuam
733 2643 923 2714 eumderuque
938 2642 1088 2713 epistotam
1105 2641 1191 2698 bisin
1207 2642 1307 2698 eodem
1323 2641 1405 2713 libre,
1422 2643 1547 2716 denique
1561 2645 1634 2716 quod
1650 2659 1725 2714 sepe
1740 2645 1874 2716 neglexe-

164 2741 232 2794 runt
244 2735 381 2792 adnotare
394 2735 470 2792 diem
485 2739 514 2790 et
528 2733 625 2792 locum
639 2733 771 2788 daucum
785 2731 981 2804 epistolarum.
998 2731 1055 2786 lata
1070 2730 1163 2802 quiris
1178 2741 1228 2800 per
1242 2743 1272 2786 ae
1286 2731 1354 2786 aulis
1370 2731 1510 2803 intelliget
1524 2733 1600 2790 iuter
1610 2733 1777 2806 legendum,
1788 2737 1873 2790 adeo·

166 2839 221 2896 que
235 2823 340 2882 suflicit
354 2822 393 2878 ita
407 2821 495 2880 semul
511 2821 704 2879 admonuisse.
721 2820 776 2876 sat
792 2827 888 2876 mareu
904 2818 1175 2888 pretermittendum
1193 2829 1253 2875 nen
1267 2827 1307 2875 est
1323 2833 1456 2890 magnam
1480 2820 1567 2876 tuisse
1590 2818 1635 2878 vel
1661 2821 1801 2879 incuriam
1826 2823 1872 2879 rel

166 2911 311 2970 inscitiam
335 2911 475 2968 willelmi
489 2909 598 2977 scater,
613 2910 661 2982 qui
672 2907 769 2966 emisit
782 2908 897 2968 initium
911 2907 1040 2979 epistole
1055 2908 1108 2962 tro
1122 2906 1188 2963 libri
1203 2923 1242 2978 av,
1257 2921 1347 2980 eoque
1362 2910 1447 2966 modo
1460 2908 1554 2966 ellecit
1566 2925 1603 2966 ne
1617 2910 1682 2981 quis
1695 2912 1768 2968 scire
1782 2911 1874 2982 possit

168 3019 299 3076 quaenam
322 3003 407 3060 inurit
429 2999 556 3062 Ecclesia
576 2999 627 3057 illa
650 3015 734 3072 quam
754 2999 918 3056 Alexander
932 2999 969 3055 ΙΙΙ
984 2998 1143 3056 contuear
1156 2998 1272 3055 cuidam
1287 2999 1439 3070 cardinali,
1455 3015 1541 3072 quam
1556 3015 1620 3058 reto
1635 3000 1870 3076 archiepiscopus

150 3138 152 3153 .
166 3096 384 3152 Beneventanus
398 3091 540 3162 pertinere
554 3088 745 3146 contendebat
759 3089 795 3145 ad
810 3103 891 3145 suam
906 3088 1100 3145 donationem.
1117 3087 1202 3159 Atqui
1217 3103 1262 3144 ras
1277 3087 1340 3156 ista,
1353 3103 1419 3146 eum
1433 3089 1590 3162 praesertim
1606 3090 1685 3146 utilis
1699 3105 1760 3148 csse
1775 3097 1874 3162 posset

167 3181 228 3240 bare
242 3179 371 3252 epistola,
388 3178 412 3235 si
424 3179 534 3249 integra
547 3180 614 3234 data
626 3176 736 3245 luisset,
751 3177 787 3232 ad
802 3175 1014 3249 precidendam
1038 3177 1110 3232 narn
1127 3176 1234 3245 litibus,
1257 3177 1353 3234 omitti
1376 3193 1435 3235 non
1458 3178 1605 3236 debuerat.
1631 3179 1717 3238 Porro
1740 3197 1802 3253 quae
1821 3197 1869 3239 se-

165 3274 292 3344 quuntur
306 3266 432 3340 epistolae
448 3271 510 3340 post
526 3266 676 3336 epistolam
691 3265 740 3323 eet
759 3266 887 3338 ejusdcm
903 3265 970 3322 libri
985 3265 1142 3334 undecimi,
1158 3279 1206 3322 eas
1219 3264 1303 3323 uelde
1316 3273 1385 3338 puto
1402 3281 1460 3325 uon
1475 3283 1538 3325 esse
1551 3267 1633 3325 istius
1648 3267 1726 3338 libri,
1737 3271 1785 3326 sed
1802 3269 1868 3340 bue,

163 3358 199 3416 ab
213 3357 309 3428 aliquo
323 3355 450 3415 studioso
465 3354 617 3412 translates
631 3369 666 3410 ex
687 3353 813 3425 antiquis
832 3351 1051 3412 collectionibus
1061 3353 1263 3423 Demetulinm,
1276 3359 1306 3410 ot
1316 3362 1448 3412 vacantes
1459 3355 1570 3428 paginae
1580 3355 1775 3428 implerentur.
1791 3359 1869 3418 istud

162 3447 311 3518 collegisse
325 3445 398 3504 mibi
412 3445 509 3504 uideor
521 3459 557 3505 ex
571 3459 605 3502 ee
615 3443 692 3516 quod
703 3451 770 3500 nota
784 3443 834 3500 illa
844 3458 930 3515 qaam
940 3454 1028 3514 supra
1039 3443 1123 3500 retuli
1133 3457 1167 3500 ea
1183 3443 1241 3500 line
1253 3443 1319 3500 libri
1329 3461 1358 3501 aa
1368 3445 1508 3502 antecedit
1520 3445 1667 3518 epistolam
1677 3447 1799 3520 262quc
1808 3449 1869 3506 illic

162 3545 204 3594 cat
218 3535 329 3604 mutila,
343 3543 372 3592 et
385 3533 464 3607 qood
477 3547 579 3591 omnes
593 3531 656 3590 istae
670 3532 839 3604 pastenacas
856 3529 986 3603 epistolas
1006 3532 1189 3604 reperiantur
1202 3533 1233 3590 in
1246 3547 1367 3604 corpore
1377 3534 1463 3606 iuria,
1478 3540 1539 3591 tum
1554 3535 1638 3592 etiam
1651 3535 1725 3608 quod
1741 3537 1869 3608 epistotae

161 3625 215 3680 262
227 3633 254 3682 et
267 3625 321 3681 272
334 3632 411 3682 certo
426 3630 493 3680 sunt
502 3621 726 3690 librideeimi,ut
735 3621 984 3680 illieobservatnm
991 3621 1496 3692 aareantqaaaptstolaeeeejaaten
1506 3621 1571 3679 librl
1580 3623 1867 3696 undecimiqueillie

161 3715 267 3786 legitur
280 3714 393 3786 absque
406 3719 475 3770 notu
489 3710 547 3770 loci
561 3717 589 3770 et
604 3709 752 3780 temperis,
768 3709 891 3782 pertinet
905 3709 1026 3768 emanue
1039 3709 1074 3765 ed
1090 3709 1196 3766 librum
1210 3709 1423 3779 duodecimum,
1438 3717 1468 3768 ul
1483 3711 1627 3783 colligitur
1640 3727 1674 3770 ex
1698 3713 1789 3786 capite
1813 3717 1865 3772 ltc-

162 3803 284 3876 quisisti,
310 3802 384 3873 qued
399 3801 460 3858 illic
474 3799 621 3858 coustiuit
633 3799 782 3869 epistolam
798 3799 1063 3871 qoinquagesimum
1080 3807 1219 3856 emerim.
1235 3797 1317 3856 linde
1331 3800 1417 3857 etiam
1432 3800 1645 3874 deprehendere
1654 3817 1805 3874 possumus
1820 3806 1865 3861 in·

162 3891 340 3964 diligentium
353 3888 432 3946 illius
446 3888 495 3960 qni
509 3887 711 3946 duodecimum
724 3887 832 3944 'librum
847 3887 981 3956 mutauit,
999 3887 1230 3960 qmntoqmmm
1244 3888 1359 3947 unicum
1374 3896 1482 3948 tantum
1494 3899 1579 3962 caput
1588 3891 1736 3964 descripsit
1747 3895 1863 3966 egregie

162 3981 241 4038 illius
254 3979 392 4052 epistolae,
407 3987 435 4037 et
447 3978 477 4035 id
493 3979 608 4050 quidem
621 3978 730 4050 absque
743 3976 940 4049 inscriptione.
957 3976 1007 4033 ilia
1021 3978 1056 4034 de
1068 3977 1162 4035 causis
1176 3977 1360 4050 supersedere
1373 3985 1535 4052 poteramus
1545 3981 1669 4038 editione
1685 3981 1786 4040 barum
1804 3985 1862 4056 epi-

161 4071 299 4128 stolarum
313 4068 419 4140 absque
435 4067 494 4124 ullo
509 4068 694 4126 incommode
708 4067 750 4124 rei
764 4066 931 4135 canonicum
947 4066 997 4124 sed
1013 4079 1079 4123 oum
1093 4065 1159 4124 illas
1177 4068 1386 4126 invenissemus
1409 4068 1442 4127 in
1464 4069 1552 4127 veteri
1578 4071 1677 4128 codice
1700 4073 1806 4144 positas
1827 4073 1862 4130 ad

161 4159 269 4218 calcem
283 4157 349 4216 libri
362 4155 520 4223 undecimi,
536 4172 584 4214 eas
597 4156 775 4228 supprimere
787 4155 871 4213 uobis
884 4153 986 4226 religio
999 4155 1065 4212 buit.

197 4247 324 4322 insignis
341 4253 385 4305 est
399 4245 554 4304 diilloultas
570 4245 601 4302 in
616 4245 690 4304 libro
703 4245 825 4316 decimo,
841 4259 927 4316 quam
943 4244 1124 4302 dissimulare
1137 4243 1286 4304 nonlicet.
1302 4245 1416 4305 (lenum
1432 4255 1475 4305 est
1489 4249 1566 4306 enim
1582 4249 1770 4310 indictionem
1785 4251 1860 4310 deci-

159 4353 235 4396 mam
251 4353 410 4395 concerers
422 4351 488 4392 cum
502 4349 580 4392 anno
594 4335 705 4392 deciano
719 4331 902 4404 pontilieatus
917 4333 1088 4390 innocentii.
1104 4335 1140 4390 ΙΙΙ
1152 4341 1249 4393 tamen
1263 4337 1294 4394 in
1310 4335 1382 4395 libro
1398 4338 1520 4410 decimo,
1531 4337 1641 4410 quoties
1650 4337 1770 4399 indictio
1781 4341 1861 4412 poni·

159 4434 208 4483 tur
221 4427 252 4484 in
267 4425 395 4498 epistolis
408 4441 486 4482 anuo
499 4425 550 4484 illo
564 4425 647 4495 datis,
663 4423 746 4480 toties
761 4423 870 4481 occurit
884 4437 972 4491 noua,
989 4435 1075 4495 quem
1089 4431 1200 4481 constat
1213 4425 1354 4484 decimam
1372 4430 1435 4482 tum
1460 4427 1557 4484 luisse.
1582 4428 1677 4493 Quare
1697 4445 1763 4488 cum
1788 4445 1862 4489 enno

157 4517 228 4573 leit
242 4517 278 4573 lis
289 4516 324 4573 de
336 4515 537 4588 jurisdictione
552 4519 627 4572 esset
643 4513 716 4570 inter
731 4511 957 4570 illustrissimum
986 4511 1153 4585 episcopum
1177 4515 1410 4574 Aurelianensem
1427 4527 1453 4573 et
1467 4515 1622 4574 canonicos
1636 4517 1733 4577 Sancti
1746 4519 1860 4591 riniani,

156 4606 203 4664 isti
217 4622 283 4664 vero
299 4605 419 4678 epistola
434 4605 554 4676 quadam
570 4602 742 4669 iunocentii,
757 4616 820 4673 quae
834 4604 879 4658 est
892 4601 928 4656 95
943 4600 1009 4656 libri
1024 4601 1139 4672 decimi,
1154 4607 1302 4662 uterentur
1314 4606 1350 4662 ad
1366 4605 1540 4678 probandam
1557 4608 1765 4678 exemptionem
1780 4625 1860 4668 suam
1953 4635 1954 4642 ι

156 4697 250 4768 ajuro
265 4693 431 4769 episcopali,
447 4695 489 4751 vir
504 4692 708 4752 celeberrimus
722 4699 749 4748 et
764 4692 880 4748 istarum
898 4706 992 4747 rerum
1007 4690 1205 4763 peritissimus,
1221 4695 1269 4767 qui
1288 4695 1319 4752 in
1331 4709 1364 4752 ea
1379 4709 1466 4753 causa
1488 4703 1581 4768 partes
1604 4699 1697 4770 regius
1719 4700 1787 4772 egit,
1804 4716 1859 4758 nou

157 4785 296 4844 dubitarit
310 4800 436 4842 asserere
449 4799 514 4842 mm
529 4783 682 4854 epistolum
696 4795 758 4840 esse
772 4779 923 4836 manifeste
937 4779 1057 4848 ialsam;
1074 4781 1139 4852 quia
1154 4782 1208 4853 ipsi
1221 4789 1298 4841 certo
1313 4783 1472 4853 constabat,
1489 4785 1529 4841 uti
1543 4801 1641 4844 verum
1656 4794 1710 4856 eat,
1727 4789 1858 4847 indictio-

157 4891 224 4934 nem
252 4875 392 4933 decimam
407 4874 493 4932 tuisse
507 4888 540 4930 eo
556 4878 683 4946 tempere
697 4885 752 4941 quo
767 4867 887 4942 epistola
901 4867 951 4924 illa
963 4868 1027 4925 data
1041 4876 1093 4938 est,
1110 4871 1185 4942 quod
1196 4872 1305 4929 videtur
1315 4889 1379 4930 esse
1388 4873 1503 4945 siguum
1515 4874 1709 4934 certissimum
1718 4877 1856 4937 talsitatis.

157 4968 325 5034 Quanquam
341 4963 372 5020 in
386 4962 552 5020 authentico
566 4959 644 5017 illius
658 4959 796 5032 epistole,
811 4957 886 5030 quod
902 4957 1037 5015 canonici
1051 4956 1095 5014 illi
1110 4975 1197 5031 penes
1211 4976 1242 5017 se
1257 4960 1375 5028 habent,
1389 4969 1449 5019 tum
1465 4963 1551 5020 etiam
1565 4963 1597 5021 in
1611 4967 1742 5038 Regesto,
1757 4967 1858 5024 diserte

155 5055 249 5125 posita
271 5060 313 5110 est
337 5051 456 5109 indictio
479 5065 565 5119 nona,
582 5056 641 5106 tum
657 5049 741 5105 etiam
757 5047 788 5106 iu
804 5045 913 5106 certeris
928 5046 1057 5118 ejusdem
1069 5049 1139 5106 anni
1153 5050 1292 5122 epistolis.
1309 5051 1371 5108 imo
1386 5051 1417 5107 in
1428 5051 1547 5123 epistola
1562 5054 1667 5126 scripta
1682 5057 1716 5112 nd
1732 5057 1856 5128 priorem

152 5143 187 5200 de
199 5139 375 5211 sambleriis,
390 5155 476 5213 quam
490 5139 532 5196 vir
547 5138 727 5197 clarissimus
742 5134 877 5194 Nicolaus
891 5137 1069 5193 camuzatius
1083 5138 1191 5209 primus
1207 5140 1338 5200 omniunt
1351 5140 1384 5198 iu
1399 5140 1494 5200 lucem
1514 5142 1621 5216 amisi,
1642 5159 1784 5218 quamque
1808 5162 1857 5204 nos
1953 5147 1954 5154 ’

152 5232 314 5289 recudimus
328 5233 359 5289 iu
374 5229 453 5289 calce
467 5229 533 5285 libri
545 5245 574 5296 x,
590 5228 645 5284 sub
668 5243 748 5285 num.
773 5226 837 5298 22l,
861 5224 982 5283 indictio
1007 5241 1083 5282 nona
1104 5229 1291 5302 conjungitur
1305 5245 1372 5286 euru
1384 5245 1462 5286 anno
1477 5231 1686 5291 incarnationis
1702 5235 1856 5294 [lominica

152 5321 232 5392 teet,
257 5324 286 5377 et
309 5320 421 5378 decimo
445 5315 630 5392 poublicatvas
644 5314 816 5374 innocentii.
832 5313 916 5371 Unde
930 5312 1027 5386 colligi
1041 5323 1118 5373 certo
1134 5324 1225 5388 potest
1239 5317 1396 5375 invaluisse
1411 5317 1488 5376 hune
1502 5335 1626 5380 errorem
1642 5337 1691 5396 per
1707 5331 1797 5382 totum
1811 5339 1858 5383 an·

151 5423 222 5466 num
251 5409 396 5466 decimum
423 5407 500 5464 intur
528 5406 679 5478 scriptores
706 5401 906 5476 apostolieoa;
932 5400 1059 5473 adeoquo
1090 5403 1159 5462 binc
1188 5406 1324 5464 concludi
1352 5405 1435 5464 debet
1463 5407 1576 5482 signum
1606 5409 1678 5468 illud
1707 5427 1769 5470 uon
1798 5429 1856 5472 esse

152 5496 368 5572 suppositionis,
383 5509 449 5558 cum
473 5499 574 5556 contra
595 5493 729 5554 falsitatis
751 5495 953 5565 argumentum
977 5505 1038 5549 esse
1053 5507 1131 5554 nnnc
1145 5493 1289 5554 videretur
1303 5495 1328 5554 sl
1342 5496 1484 5570 quapiam
1499 5500 1622 5572 epialela
1635 5501 1686 5558 illo
1702 5517 1780 5560 annu
1794 5503 1855 5560 data
