3952 6062
70 301 129 360 aas
607 299 859 392 ranunculus
878 299 974 359 anno
992 301 1015 372 1,
1036 297 1175 360 cuman
1194 303 1273 360 rice.
1736 299 1790 360 tro

73 434 227 504 perpetuo
246 443 315 486 cum
334 426 642 498 voluntatemorandi,
659 429 684 484 si
703 428 860 496 evaserint,
876 445 907 484 se
921 435 950 501 Α
966 429 1002 485 de
1016 427 1142 499 Manius,
1158 431 1238 486 Rost.
1263 429 1410 502 capellani
1426 429 1538 487 domini
1561 427 1789 501 archiepiscopi,

72 519 184 576 domui
195 519 308 593 Templi
323 536 376 591 pro
392 517 534 575 iratribus
554 517 741 585 tradiderint,
755 523 784 572 et
804 517 854 589 qui
869 517 906 572 ad
960 519 1140 592 pon.prioris
1151 519 1297 592 capellani
1311 520 1457 593 ejusdem,
1469 520 1614 592 llysnardi
1632 519 1668 576 de
1679 520 1785 575 Sancto

68 611 203 669 domum
219 611 284 669 sine
298 612 421 668 alterius
432 627 566 684 persono
578 610 780 667 sustentaculo
791 609 906 683 pedites
960 610 1267 678 Amantio,liichaelis
1282 609 1382 666 clerici
1398 610 1512 665 domini
1524 609 1786 681 archiepiscopi,B.

66 701 118 757 vel
131 700 361 774 equitassenire
376 705 525 774 poterunt.
537 702 570 756 ln
582 716 708 772 quorum
721 698 907 756 obventioni-
960 697 997 754 de
1015 698 1153 768 Olivario,
1173 699 1323 756 aldeberti
1340 700 1381 756 de·
1399 701 1495 768 Novis,
1512 699 1543 758 G.
1563 699 1728 771 linymundi
1749 698 1786 754 de

67 791 144 859 bus,
158 789 315 846 etiamsiiu
322 788 382 845 illis
395 789 619 862 aegritudinibus
626 789 818 858 decesserint,
830 793 859 844 et
873 789 905 844 in
960 787 1028 844 llol.
1042 789 1073 844 P.
1097 789 1198 857 Bruni,
1215 791 1299 845 Pont.
1321 789 1453 859 scutarii,
1469 789 1656 857 Franceschi,
1670 788 1780 856 iacobi,

67 879 309 936 obventionibus
319 878 440 934 familiae
452 877 558 935 domus
570 878 682 951 Templi
694 878 734 933 ibi
750 877 904 946 morantis,
959 877 1094 933 Columbi
1110 877 1217 934 notarii
1232 871 1309 952 regis
1324 880 1489 952 Aragone'n.
1506 881 1538 936 P.
1550 878 1657 934 notarii
1668 877 1780 937 domiui

65 969 147 1025 dicti
155 967 378 1026 canonicinihil
386 967 805 1040 accipiantilecimasquoque
814 967 905 1022 totius
959 967 1184 1040 archiepiscopi,
1201 968 1251 1040 qui
1267 968 1386 1040 scripsit
1399 968 1473 1024 heac.

64 1058 159 1115 bladi
172 1063 202 1114 et
215 1057 413 1132 leguminum,
429 1057 634 1130 cujuscunque
655 1056 771 1130 generis
789 1056 860 1124 sint,
876 1061 906 1112 et
995 1057 1073 1113 Nulli
1089 1073 1169 1131 ergo,
1186 1061 1241 1113 etc.

61 1149 131 1204 vini
146 1149 179 1205 in
186 1148 336 1222 integrum
345 1148 377 1203 iu
387 1147 565 1219 paceetsine
575 1145 810 1202 contradictione
818 1162 906 1201 cano·
995 1146 1100 1202 Datum
1116 1146 1261 1216 Laterani,
1272 1162 1291 1201 n
1305 1145 1452 1202 Kalendas
1467 1145 1628 1206 ianuarii..

66 1239 134 1295 nici
158 1237 342 1311 Magalonen.
364 1237 549 1310 percipiant;
567 1235 656 1292 ethis
672 1235 804 1292 contenti
828 1233 904 1290 nihil
1320 1271 1406 1328 „vm

64 1328 158 1385 aliud
170 1343 304 1401 quaerere
318 1327 480 1399 possintln
492 1325 615 1384 decimis
630 1343 698 1382 vero
709 1324 903 1393 novalium‚in
1409 1313 1415 1326 '

66 1417 171 1474 hortis
184 1422 214 1474 et
234 1415 391 1472 arboribus
406 1419 437 1472 et
450 1415 542 1489 pratis
558 1419 588 1470 et
609 1413 783 1470 animalium
807 1413 905 1469 nutri-

65 1504 383 1578 mentis,cujnscuque
391 1504 508 1577 generis
520 1503 667 1572 sint,dicti
679 1501 814 1558 canonici
827 1501 904 1557 nihil

64 1594 253 1668 percipiant.
269 1595 343 1650 ltem
359 1593 498 1649 dililnivit
511 1592 651 1648 dominus
662 1591 903 1664 archiepiscopus

63 1701 142 1740 cum
158 1683 360 1740 assessoribus
377 1681 538 1756 predictis,
555 1681 634 1753 quod
650 1681 809 1754 Templarii
824 1679 902 1753 apud
991 1675 1065 1748 (223)
1080 1677 1120 1732 De
1135 1679 1232 1732 vestra
1247 1675 1426 1732 discretione
1437 1692 1471 1732 ac
1482 1675 1651 1732 sinceritate
1662 1675 1778 1745 conlisi,

64 1771 286 1830 Lunellnmvcl
297 1771 732 1844 intotadioecesiliagalonensi
743 1770 899 1826 ecclesiam
956 1765 1011 1820 etsi
1034 1765 1187 1838 negotium
1207 1764 1400 1833 laboriosum,
1415 1765 1601 1820 meritorium
1622 1769 1722 1821 tamen
1737 1769 1777 1834 et,

62 1863 114 1920 vel
129 1862 294 1920 oratorium
305 1878 366 1916 non
376 1865 616 1932 construant,ncc
627 1861 830 1917 coemeterium
840 1860 898 1916 ha·
955 1855 1032 1910 sicut
1046 1854 1204 1922 credimus,
1220 1853 1303 1910 robis
1317 1859 1440 1926 propter
1451 1854 1601 1910 Christum
1622 1858 1777 1925 acceptum

60 1949 900 2023 beantsiuevolun'tateepiscopietassenschclesiaemn·
953 1941 1778 2015 duximuscommittendum,spersntesquodilludtanto

60 2041 282 2116 galonensiset
300 2041 556 2108 illudoratorium,
570 2039 897 2112 qnodapudLnnellum
952 2033 1095 2090 libentius
1117 2034 1277 2107 impleatis,
1294 2039 1405 2104 quanto
1424 2049 1478 2105 per
1503 2033 1612 2104 ipsum,
1628 2036 1661 2090 ut
1675 2031 1717 2088 sic
1733 2031 1778 2089 lo-

61 2131 235 2202 incoaptum
246 2129 609 2198 essevidebatnr,omnino
621 2130 897 2186 removeatur.Pos-
952 2138 1089 2195 quamur,
1100 2127 1130 2180 et
1152 2124 1300 2180 restitutio
1314 2125 1383 2180 Jesu
1401 2122 1511 2178 Christi
1526 2121 1637 2197 exsulis
1652 2125 1682 2178 et
1695 2139 1778 2178 com·

60 2221 220 2276 sessiones
240 2236 306 2276 vero
326 2220 421 2294 stagni
432 2219 468 2274 de
488 2219 609 2276 Cucullo
620 2236 687 2276 cum
708 2217 896 2290 pertinentiis
951 2214 1051 2269 munis
1072 2214 1232 2270 Christiani
1256 2213 1358 2287 populi
1382 2213 1496 2270 utilitas
1517 2213 1646 2285 amplius
1669 2228 1776 2285 procu·

59 2310 131 2365 suis
143 2315 173 2365 et
183 2326 321 2366 mansum
332 2309 369 2365 de
385 2309 526 2366 Granolei
536 2325 604 2364 cum
619 2308 807 2380 pertinentiis
822 2307 894 2376 suis,
950 2307 1042 2359 ratur.
1055 2304 1111 2359 Vos
1135 2309 1232 2360 autem
1258 2303 1390 2360 mandati
1409 2307 1503 2375 apost.
1519 2308 1622 2358 tenore
1638 2307 1774 2374 suscepto
1851 2377 1854 2384 ,

58 2415 135 2470 queo
147 2398 299 2470 quondam
309 2403 447 2454 emerunt
458 2396 649 2452 al'ulcrando
658 2395 809 2468 quondam
819 2397 895 2451 Pras·
950 2407 1005 2449 nec
1020 2396 1159 2462 parentes
1173 2386 1337 2460 laboribus,
1349 2407 1404 2447 nec
1413 2391 1561 2464 expensis,
1577 2391 1775 2464 proposuistis

57 2489 165 2560 posito
177 2486 550 2562 Magalonensi‚Templarii
563 2485 627 2540 sine
640 2485 855 2555 inquietatione
867 2489 896 2538 et
949 2481 1068 2554 populis
1083 2483 1191 2539 Siciliae
1207 2499 1327 2539 causam
1351 2481 1471 2538 Christi.
1487 2483 1545 2538 Nec
1558 2480 1615 2536 tuit
1628 2481 1713 2538 labor
1725 2499 1774 2538 ve·

55 2577 221 2633 vexatione
231 2576 331 2648 aliqua
341 2576 372 2630 in
383 2592 455 2646 pace
472 2573 643 2630 habeantet
656 2570 837 2644 possideant.
854 2573 894 2626 lle
949 2575 1011 2626 ster
1023 2571 1121 2627 inanis
1133 2589 1141 2639 ;
1152 2588 1220 2628 cum
1230 2577 1260 2628 et
1272 2571 1359 2628 multi
1372 2570 1408 2627 de
1417 2569 1554 2626 manibus
1562 2570 1774 2628 vestrissuscc-

54 2665 184 2722 damnis
195 2665 272 2721 datis
286 2681 375 2736 super
393 2662 573 2719 abductione
585 2677 726 2733 pecorum
737 2666 766 2716 et
779 2661 894 2716 anima·
948 2659 1048 2731 perint
1067 2660 1186 2733 signum
1201 2661 1297 2717 crucis
1310 2665 1339 2716 et
1352 2661 1454 2734 plures
1468 2665 1529 2717 tam
1548 2658 1579 2715 in
1596 2659 1772 2717 victualibus

52 2755 140 2810 lium
149 2748 894 2822 domusmilitiaeTempliacanonicisMagalonensi·
948 2765 1038 2821 quam
1053 2748 1121 2806 aliis
1134 2751 1230 2822 parati
1252 2751 1313 2806 sint
1326 2767 1380 2823 pro
1399 2749 1626 2806 necessitatibus
1641 2750 1772 2824 signato-

51 2843 119 2899 bus
131 2839 737 2913 etaliisdamnis,injuriisetinvasionibus
747 2837 892 2895 hincinde
947 2853 1014 2894 rum
1029 2839 1222 2913 congruentia
1237 2839 1369 2896 subsidia
1383 2838 1543 2895 destinare.
1559 2840 1678 2907 Verum,
1695 2839 1772 2895 sicut

53 2928 892 2998 illatis,bonumlinemetmutuamremissionemintense
950 2943 984 2983 ex
999 2927 1107 2984 litteris
1121 2945 1195 3001 quas
1218 2933 1261 2997 tu,
1278 2928 1321 2984 lili
1345 2927 1426 2997 abas,
1442 2927 1480 2984 ad
1503 2927 1605 2984 sedem
1624 2927 1770 3000 apostoli-

52 3025 125 3076 tam
138 3020 394 3092 Templariiquam
403 3017 540 3074 canonici
548 3017 729 3090 Magalonen.
746 3017 890 3075 lecerunt.
946 3033 1012 3073 cam
1027 3017 1365 3087 destinasti‚didicimus,
1375 3017 1405 3073 hi
1419 3017 1498 3074 circa
1513 3017 1675 3074 subsidium
1685 3023 1771 3074 terrie

54 3112 212 3165 Praeterea
227 3108 499 3163 excommunicatos
511 3106 557 3162 vel
573 3107 748 3163 interdictos
763 3108 891 3182 Magalo—
946 3107 1100 3163 orientalis
1110 3106 1339 3181 negligentiores
1354 3107 1550 3178 existunt,qni
1565 3105 1699 3163 subditos
1714 3107 1771 3164 sibi

53 3195 891 3270 nemilcclesiaeadecclesiamvelsepulturamTemplarii
907 3173 933 3240 C
947 3197 1074 3269 populos
1088 3193 1125 3252 ad
1140 3196 1170 3252 id
1186 3196 1329 3252 deberent
1339 3195 1771 3269 exemploetexhortntionibns

54 3287 245 3343 nullomodo
270 3287 425 3359 recipiant.
442 3287 503 3342 Etsi
520 3287 676 3358 episcopus
689 3286 734 3342 vel
747 3288 828 3358 prior
842 3305 892 3360 pa·
946 3284 1089 3354 invitare;
1104 3290 1133 3340 et
1142 3285 1307 3342 liberalitas
1322 3285 1478 3353 laicorum,
1498 3302 1573 3357 quos
1588 3285 1625 3341 ad
1644 3301 1769 3342 succur-

55 3375 205 3432 rochialis
225 3374 363 3432 Ecclesiae
383 3374 527 3448 populum
545 3375 581 3430 ab
594 3375 659 3431 aliis
670 3375 810 3432 Ecclesiis
820 3393 892 3433 con·
947 3378 1107 3430 sumterraa
1123 3374 1275 3430 orientalis
1290 3374 1495 3430 mandavimus
1504 3374 1680 3446 simpliciter
1692 3389 1771 3429 corn·

54 3481 165 3521 vocare
186 3465 358 3533 decreverit,
370 3469 441 3520 tuuc
453 3463 611 3536 Templarii
623 3465 660 3520 ad
671 3465 810 3520 Ecclesiae
825 3465 892 3521 oiss-
946 3463 1072 3532 moneri,
1087 3479 1137 3518 eos
1161 3464 1193 3519 in
1212 3462 1367 3520 devotione
1384 3462 1526 3535 praecedit
1548 3462 1656 3534 quibus
1679 3461 1710 3516 id
1725 3460 1771 3517 di-

54 3555 139 3610 cium
154 3554 272 3611 nullum
284 3553 453 3622 admittant,
462 3553 556 3609 donec
567 3553 632 3609 aliae
641 3554 780 3609 Ecclesiae
792 3572 890 3628 popu·
946 3551 1047 3607 stricte
1064 3553 1264 3624 precipimus,
1280 3557 1391 3607 certam
1414 3567 1534 3623 paenam
1549 3567 1651 3606 eorum
1675 3549 1768 3622 negli-

52 3643 120 3700 lnm
133 3643 289 3717 recipiant.
300 3645 336 3699 Et
346 3660 399 3716 ego
411 3643 443 3701 G.
459 3643 642 3716 Magalonen.
661 3643 848 3716 praepositus,
863 3649 893 3700 et
946 3640 1051 3712 gentiae
1067 3639 1293 3697 comminantes.
1311 3643 1374 3696 Non
1398 3640 1478 3695 enim
1490 3640 1567 3696 sicut
1582 3655 1635 3711 per
1650 3639 1769 3696 easdem

54 3749 109 3806 ego
121 3733 197 3790 H.de
211 3731 597 3806 Agriiolioarchidiaconus,
610 3737 638 3787 et
648 3748 701 3806 ego
715 3731 851 3802 Michael,
863 3739 892 3790 et
945 3729 1113 3801 accepimus
1128 3729 1342 3803 archiepiscopi
1359 3734 1389 3784 et
1403 3729 1532 3802 episcopi
1551 3728 1685 3786 redditus
1701 3745 1771 3786 suos

56 3839 110 3896 ego
124 3823 197 3879 Gde
209 3823 367 3892 altiniaco,
378 3822 694 3878 voluntateetassensu
706 3823 889 3896 llagalonen.
945 3816 982 3876 ab
997 3819 1064 3874 aliis
1074 3820 1223 3875 sustinent
1235 3819 1376 3876 estimari
1386 3835 1441 3876 nec
1451 3819 1506 3892 ipsi
1518 3835 1569 3875 eos
1580 3818 1769 3890 aliquatenus

56 3911 183 3984 capituli
194 3913 289 3982 missi,
301 3913 403 3968 omnia
414 3911 890 3984 supradictainperpetuumvali-
945 3913 1096 3977 taxant,ne
1112 3908 1276 3966 secundum
1290 3909 1427 3982 proprias
1441 3909 1596 3966 facultates
1612 3908 1770 3964 necessita·

56 4005 125 4058 tura
136 4000 294 4057 laudamus
308 4001 598 4057 etconilrmamuset
611 4000 640 4056 in
653 4002 789 4074 proximo
799 4019 889 4075 gene-
943 3997 1022 4054 tibus
1049 3999 1304 4071 ierosolymitanae
1336 3999 1494 4072 provinciae
1520 3999 1606 4072 juxta
1633 4001 1768 4054 tenorem

54 4089 108 4146 rali
131 4089 263 4162 capitulo
278 4090 461 4161 Magalonen.
475 4089 590 4146 laudari
610 4095 639 4146 et
658 4091 830 4147 confirmari
845 4092 889 4148 ia·
943 4087 1110 4144 litterarum
1133 4093 1304 4145 nostrarum
1323 4088 1517 4162 congruentia
1532 4087 1681 4144 destinare
1698 4086 1768 4142 sub-

53 4179 182 4248 ciemus,
199 4184 228 4236 et
245 4179 300 4235 hoc
322 4179 402 4235 idem
423 4195 475 4252 pro
497 4195 584 4252 posse
599 4185 701 4235 nostro
711 4179 855 4238 faciemus
871 4198 889 4239 a
943 4175 1019 4232 sidia
1029 4177 1202 4250 jubeantur.
1219 4177 1369 4250 scripsisti
1385 4178 1474 4233 etiam
1489 4176 1569 4250 quod
1590 4176 1627 4232 de
1642 4175 1766 4232 consilio

55 4283 175 4325 summo
186 4269 327 4344 pontiilce
337 4267 517 4324 confirmari.
526 4271 561 4325 Et
571 4285 623 4343 ego
634 4268 728 4325 irater
739 4271 887 4328 Deodatus
941 4265 1148 4338 religiosorum
1163 4267 1292 4323 virorum
1300 4267 1477 4346 proceditut
1488 4267 1519 4322 in
1535 4267 1627 4322 missa
1641 4264 1767 4338 singulis

54 4355 88 4412 de
96 4357 236 4414 Breisaco
243 4358 384 4431 magister
391 4356 705 4430 domorumTempliin
716 4359 884 4416 Narbonen.
940 4353 1045 4410 diebus
1061 4355 1092 4412 in
1107 4356 1231 4430 singulis
1245 4356 1378 4413 ecclesiis
1399 4372 1452 4428 pro
1472 4355 1636 4428 peregrinis
1651 4353 1767 4410 dicatur

54 4451 82 4502 et
100 4446 252 4504 Arelaten.
269 4452 300 4503 et
313 4447 381 4503 aliis
396 4447 568 4520 provinciis,
581 4452 611 4503 et
625 4463 678 4520 ego
693 4446 785 4504 irater
799 4451 831 4505 P.
848 4448 885 4507 de
940 4443 1034 4501 oratio
1050 4445 1187 4516 specialis
1202 4448 1232 4500 et
1247 4445 1341 4501 semel
1354 4445 1385 4500 in
1400 4442 1588 4499 hebdomada
1601 4459 1655 4515 pro
1670 4439 1765 4498 tribu-

54 4535 236 4609 Caprespina
248 4536 472 4592 commendator
487 4535 594 4592 domus
611 4536 880 4608 Montispessulani,
898 4543 924 4609 Ι)
940 4530 1764 4606 lationemissapopulodecantetur.insuper,quodmul-

55 4630 83 4680 et
92 4641 148 4698 ego
158 4624 330 4682 irateere
341 4625 454 4682 Solario
464 4624 805 4682 commendatordomus
817 4631 886 4685 Are·
941 4624 963 4678 ti
978 4622 1082 4678 limina
1096 4622 1174 4679 beati
1186 4621 1286 4679 iacobi
1306 4621 1432 4696 apostoli
1446 4621 1565 4677 visitare
1587 4637 1618 4677 se
1633 4622 1766 4679 voverint

55 4709 190 4782 latensis,
202 4714 352 4770 voluntate
367 4720 398 4770 et
411 4730 537 4770 assensu
552 4713 652 4769 iratris
672 4715 768 4770 Pontii
785 4715 821 4772 de
837 4718 886 4774 lli·
941 4713 1085 4787 intimasti
1099 4731 1105 4768 :
1117 4713 1167 4785 qui
1191 4718 1299 4786 praeter
1317 4713 1499 4769 oblationem
1518 4712 1604 4769 altari
1624 4713 1702 4770 beati
1717 4715 1764 4771 ia·

55 4802 150 4872 gando
162 4802 295 4876 magistri
306 4803 337 4859 in
351 4802 550 4860 citramarinis
562 4802 706 4875 partibus,
722 4805 824 4861 omnia
839 4823 885 4862 su·
939 4803 1005 4860 cobi
1026 4802 1207 4875 deputatam,
1230 4818 1319 4874 quam
1343 4802 1415 4858 illuc
1430 4803 1533 4858 devote
1549 4805 1763 4877 transmittent,

55 4891 228 4960 pradictain
239 4896 416 4965 perpetuum
426 4891 555 4948 valitura
566 4892 723 4949 laudamus
734 4898 763 4950 et
774 4896 884 4951 contir-
938 4893 1090 4948 universas
1107 4908 1250 4964 expensas
1265 4893 1382 4948 itineris
1400 4892 1539 4962 libenter,
1555 4892 1764 4965 impenderent

52 4986 214 5050 mammet
228 4981 258 5037 in
271 4982 406 5052 proximo
427 4981 558 5055 generali
578 4982 708 5054 capitulo
721 4984 833 5056 Templi
850 5001 884 5042 ea
937 4981 983 5038 vel
998 4982 1028 5038 in
1044 4981 1193 5054 stipendia
1214 4982 1397 5054 signatorum
1417 4983 1463 5038 rel
1480 4982 1554 5038 alias
1569 4983 1762 5038 necessitates

54 5065 168 5126 laudari
193 5074 222 5126 et
245 5070 417 5126 conssrmari
440 5070 595 5138 iaciemus,
613 5075 642 5124 et
658 5071 714 5127 hoc
734 5071 814 5129 idem
829 5091 882 5145 pro
936 5071 1140 5128 ultramarina
1165 5072 1334 5144 provincias,
1354 5072 1516 5129 dummodo
1533 5077 1628 5128 avoto
1652 5070 1761 5124 emisso

54 5171 137 5226 posse
150 5164 252 5216 nostro
260 5159 427 5216 laciemnsa
439 5153 557 5215 summo
568 5159 710 5231 pontissce
722 5162 880 5220 conflrma-
937 5161 1111 5218 anctoritate
1134 5177 1181 5233 ap.
1207 5161 1410 5230 solverentur;
1425 5165 1464 5229 et,
1480 5160 1559 5232 quod
1575 5159 1610 5215 de
1635 5157 1761 5214 consilio

54 5246 162 5304 rihcta
172 5247 251 5319 apud
264 5247 416 5304 Arelatum
429 5247 459 5303 in
469 5247 579 5321 palatio
592 5248 707 5304 domini
718 5251 882 5324 archiepis·
936 5250 1070 5323 procedit
1088 5250 1333 5322 quorumdam,nt
1354 5250 1489 5308 redditus
1509 5248 1675 5305 vacantium
1685 5263 1762 5317 pres·

55 5337 161 5407 copi,in
173 5336 331 5409 praesentia
344 5341 373 5392 et
384 5337 593 5392 testimonioP.
606 5337 744 5394 llalaurae
756 5347 879 5411 caputs-
935 5339 1100 5398 bandarum
1115 5339 1146 5394 in
1157 5357 1244 5396 usum
1258 5339 1412 5396 orientalis
1423 5337 1579 5411 provincias
1590 5339 1761 5391 convertan-

54 5423 553 5494 cholae,Privativestiarii,W.lleliie
563 5425 880 5503 infirmarii,G.Engui-
934 5435 984 5487 tur
998 5447 1092 5502 usque
1108 5428 1146 5486 ad
1160 5430 1314 5487 biennium
1330 5429 1476 5502 adjecisti,
1486 5428 1565 5484 salva
1579 5426 1696 5483 vicariis
1712 5443 1761 5482 so-

55 5515 144 5570 ramni
164 5515 403 5585 eleemosynarii,
419 5517 450 5570 G.
468 5515 504 5570 de
514 5517 613 5584 iterra,
624 5517 657 5572 P.
671 5517 829 5589 llysnardi,
847 5519 877 5575 B.
935 5519 988 5576 lita
1002 5519 1157 5592 pensione,
1172 5535 1210 5576 ne
1226 5519 1347 5576 interim
1367 5517 1497 5575 Ecclesia
1511 5533 1564 5573 suo
1589 5516 1707 5573 servitio
1723 5515 1759 5572 de
1775 5501 1783 5520 '

1007 1393 1184 1436 siraconum
1203 1393 1332 1438 sriscoro
1351 1396 1384 1436 nr
1401 1396 1499 1436 annam
1518 1396 1552 1436 ns
1570 1395 1733 1437 ssusucnro.

1171 1453 1206 1506 ile
1224 1453 1345 1509 subsidio
1362 1458 1442 1509 terra
1456 1458 1565 1508 sancte.

1152 1558 1310 1630 (Laterani,
1334 1561 1407 1616 Non.
1430 1558 1583 1629 ianuarii.)

87 5639 159 5714 (223)
174 5639 246 5699 Vide
260 5657 350 5714 supra
365 5641 452 5714 epist.
470 5639 531 5699 358.
