3956 6056
204 294 255 349 323

704 277 905 338 raucarum
923 261 962 333 ui
980 275 1035 332 rr.
1056 271 1291 332 anonsroauu
1311 273 1377 330 ma
1398 275 1420 329 1.

204 415 414 476 certitudinem
428 411 510 468 robis
524 391 663 466 duximus
678 400 960 462 remittendasdum
972 400 1027 475 igi·
1040 400 1071 466 A
1120 396 1227 452 Datum
1243 394 1365 468 Spolet,
1380 411 1399 451 ιι
1414 396 1488 452 ιιοιι.
1506 392 1704 467 Septembris.

205 515 254 566 tur
268 511 367 564 tantm
382 518 522 560 excessus
536 499 665 570 relinqui
688 513 748 552 non
761 495 868 552 debeat
881 494 1029 566 aliquate-

1449 484 1545 542 aaut.

205 613 262 655 nus
276 593 452 667 impunitus,
469 589 641 648 discretioni
664 591 769 642 vestrm
792 601 846 656 per
867 582 1030 656 apostolica
1083 589 1117 630 ΒΕ
1136 590 1306 642 ΡΑιιΕΒΗΑΙι
1328 591 1351 630 s·
1371 587 1745 631 AU⁰U511N1H⁵·GEORG11
1765 585 1923 640 Pmotffltts,

204 686 317 756 scripta
327 681 505 738 mandamus
519 684 549 734 et
562 676 695 734 districte
719 673 909 747 praecipimus
926 676 1029 742 quate·

202 791 260 832 nus
274 773 388 829 dictum
403 771 438 837 l.,
454 768 512 825 nisi
528 766 606 822 infra
628 764 731 838 viginti
745 763 810 820 dies
836 766 904 834 post
923 763 1029 818 harum

202 862 424 935 susceptionem
438 857 549 915 euobis
562 854 762 912 commonitus
786 851 823 908 ad
839 851 1029 924 praesentiam

201 958 336 1010 nostram
351 965 420 1007 cum
435 945 608 1004 testimonio
621 944 790 999 litterarum
802 946 967 996 vestrarum
983 955 1030 996 sa·

201 1044 373 1100 tisiacturus
388 1038 558 1104 accesserit,
575 1051 611 1091 ex
626 1039 698 1091 tuuc
715 1033 751 1088 ab
767 1033 848 1088 omni
875 1029 1029 1087 ecclesias·

202 1133 261 1189 tico
273 1129 419 1187 beneflcio
435 1131 465 1183 et
479 1124 609 1183 clericali
626 1121 855 1192 cilicio,sublato
870 1118 1032 1194 cujuslibet

203 1240 270 1282 con.
287 1225 317 1277 et
330 1236 377 1292 ap.
394 1211 774 1285 obstaculo,.suspendatis,
791 1210 847 1278 vel,
871 1210 896 1266 si
919 1207 1029 1265 benefl-

204 1313 249 1368 cio
264 1314 356 1378 caret,
372 1304 570 1366 anathematis
597 1319 665 1359 eum
686 1301 835 1357 sententia
858 1298 1028 1364 innodetis;

202 1417 270 1457 cum
285 1398 321 1454 ab
337 1397 392 1454 hac
408 1394 495 1466 culpa
508 1409 569 1449 non
584 1393 620 1448 de
642 1391 723 1448 sacili
739 1391 777 1444 sit
792 1387 957 1444 credendus
972 1387 1030 1441 im·
1085 1442 1090 1452 ,

202 1489 313 1556 ιιιιιιιιε,
338 1502 407 1543 cum
430 1501 485 1540 nec
509 1499 562 1556 per
583 1481 690 1537 iratres
712 1495 767 1534 nec
792 1476 1029 1549 consanguineos

201 1583 320 1637 nostros
336 1593 401 1644 nos,
417 1573 487 1629 licet
503 1570 610 1644 saepius
633 1574 761 1642 rogatos,
777 1567 922 1640 potuisset
940 1563 1029 1620 indu-

202 1685 269 1728 cere
285 1671 317 1722 ut
340 1663 499 1736 supcrhoc
522 1665 639 1716 nostras
662 1657 745 1714 robis
768 1655 883 1711 litteras
898 1653 1029 1710 mittere·

204 1774 290 1823 mus;
308 1771 345 1810 ex
372 1769 430 1824 quo
451 1749 587 1806 fraudem
611 1746 750 1814 auctoris,
776 1745 831 1799 etsi
854 1742 1028 1816 principalis

204 1846 342 1904 falsarius
367 1843 430 1915 ipse
454 1856 514 1894 non
536 1837 635 1906 luerit,
661 1834 844 1890 sufficienter
868 1847 1027 1905 agnoscere

202 1935 371 2009 potuisset:
397 1925 561 2002 praesertim
584 1941 652 1980 cum
682 1940 717 1978 eo
741 1928 873 1994 tempore
897 1937 1027 1992 presens

201 2025 293 2080 inisse
320 2019 438 2076 dicatur
462 2017 639 2087 quocontra
662 2011 799 2068 falsarios
823 2010 859 2066 de
875 2009 1026 2065 communi

196 2115 326 2170 *fratrum
351 2105 476 2165 consilio
500 2102 619 2176 publice
643 2101 854 2157 constituimus
878 2099 1026 2154 intercoe-

154 2225 156 2230 ’
196 2209 274 2271 tera,
290 2198 345 2255 sub
360 2210 448 2270 poena
467 2189 783 2251 excommunicationis
808 2187 933 2243 firmiter
948 2186 1027 2241 inhi-

199 2293 305 2348 bentes
321 2286 405 2361 (tat),
421 2299 459 2340 ne
486 2281 553 2354 quis
574 2280 689 2336 litteras
714 2276 891 2350 apostolicas
915 2275 974 2331 nisi
990 2274 1025 2330 de

200 2396 292 2438 manu
307 2380 409 2437 nostra
430 2372 477 2428 vel
491 2369 648 2427 bullatoris
672 2367 767 2423 nostri
791 2367 948 2438 reciperet,
965 2364 1026 2420 illis

200 2470 344 2527 duntaxat
358 2463 487 2535 exceptis
503 2457 610 2532 quibus
626 2461 747 2530 propter
761 2455 912 2528 dignitatis
929 2453 1026 2508 excel-

200 2559 325 2616 lentiam
339 2552 520 2610 indulsimus
530 2553 562 2604 ut
574 2563 628 2620 per
638 2546 761 2602 nuntios
776 2543 880 2600 fideles
896 2547 925 2598 et
939 2548 1026 2598 notos

200 2648 332 2722 idipsum
346 2645 469 2717 possent
484 2639 611 2695 efficere.
627 2637 663 2692 Ut
684 2639 783 2692 autern
798 2633 954 2689 varietates
968 2632 1025 2688 bu·

195 2733 328 2810 jusmodi
342 2729 491 2798 falsitatis,
506 2743 580 2799 quas
595 2726 739 2781 hactenus
762 2720 1024 2794 deprehendimus,

201 2843 251 2881 ros
267 2823 322 2896 ipsi
337 2822 374 2878 de
388 2823 495 2876 cetero
516 2813 740 2887 deprehendere
762 2812 894 2880 valeatis,
911 2827 961 2866 aas
976 2825 1026 2864 ιο-

199 2917 246 2974 bis
273 2909 471 2988 praesentibus
501 2905 608 2961 litteris
639 2904 778 2960 duximus
806 2902 1024 2975 exprimendus.

201 3006 300 3064 Prima
324 3001 438 3076 species
460 2994 601 3055 salsitatis
624 2995 688 3050 haec
713 2997 768 3060 cst,
790 2997 824 3049 ut
845 2991 920 3048 laisa
943 2990 1025 3046 bulla

200 3093 306 3151 litteris
321 3093 497 3163 apponatur.
509 3083 654 3152 Secunda,
670 3081 800 3138 utillum
815 3081 851 3137 de
865 3078 1025 3136 verabulla

1215 679 1244 718 la
1264 679 1446 720 aaaruaamrt.
1466 678 1578 718 BIOEOESI
1597 677 1789 718 coasultum.

1131 753 1169 807 Ne
1183 752 1321 808 adsedem
1336 753 1516 878 apostolgccmt
1528 753 1580 808 rite
1593 751 1775 823 appellantes
1787 752 1882 820 impe-

1457 839 1505 878 ιαιι
1518 840 1563 881 ur.

1304 911 1438 984 (Spolet,
1453 929 1480 966 ιι
1495 913 1568 968 Non.
1583 911 1689 984 Sept).

1119 998 1165 1054 Sic
1181 999 1344 1072 apostolica
1359 1001 1445 1058 sedes
1459 1001 1538 1058 inter
1552 1001 1660 1057 iratres
1676 1005 1709 1056 et
1723 1000 1921 1072 coepiscopos

1084 1095 1202 1143 nostros
1216 1090 1374 1160 pastoralis
1400 1090 1582 1162 dispensarit
1600 1089 1705 1146 oneris
1729 1091 1919 1162 gravitatem,

1084 1176 1127 1231 sic
1144 1191 1194 1232 eos
1209 1175 1373 1232 incredita
1387 1177 1443 1233 sibi
1458 1177 1672 1235 sollicitudinis
1685 1185 1792 1250 partes
1806 1195 1922 1236 assum·

1082 1264 1152 1336 psit,
1160 1271 1192 1320 ut
1204 1265 1282 1322 nihil
1297 1266 1354 1322 sibi
1370 1266 1558 1326 subtraheret
1571 1269 1608 1324 de
1623 1267 1823 1340 plenitudine
1838 1275 1921 1340 pote·

1083 1354 1178 1424 statis,
1195 1371 1253 1425 quo
1270 1356 1369 1412 minus
1384 1355 1420 1411 de
1437 1356 1561 1430 singulis
1575 1357 1674 1413 causis
1703 1356 1920 1414 ecclesiasticis

1083 1443 1235 1514 requirere
1250 1445 1344 1515 possit
1359 1449 1471 1500 etcum
1486 1445 1613 1502 voluerit
1623 1445 1824 1519 judicare,ad
1839 1463 1920 1502 com-

1083 1547 1205 1588 munem
1220 1533 1355 1588 omnium
1371 1533 1530 1590 utilitatem
1544 1536 1789 1604 constituens,ut
1803 1535 1840 1592 ad
1853 1551 1917 1590 eam

1082 1626 1225 1692 tanquam
1240 1621 1410 1694 generalem
1424 1623 1559 1680 omnium
1572 1629 1705 1680 matrem
1720 1631 1752 1681 et
1767 1624 1916 1698 singulare

1082 1709 1217 1766 fidelium
1229 1711 1336 1767 Christi
1360 1711 1507 1784 refugium
1520 1713 1693 1785 appelletur
1716 1729 1774 1786 per
1793 1713 1874 1784 quod
1889 1717 1916 1768 et

1043 1793 1234 1860 Bminorum
1259 1799 1380 1855 tollatur
1405 1802 1558 1872 oppressio
1574 1807 1604 1857 ει
1628 1804 1826 1874 superiorum
1841 1819 1915 1873 praa·

1082 1888 1211 1960 sumptio
1232 1889 1408 1945 refrenetur.
1432 1891 1504 1944 llum
1528 1891 1628 1962 itaque
1655 1891 1914 1962 appellationibus

1082 1992 1147 2047 qua
1163 1977 1315 2034 adsedem
1330 1994 1376 2050 ap.
1394 1979 1625 2051 interponuntur
1650 1980 1767 2052 saepius
1791 1979 1913 2036 velimus

1081 2064 1117 2120 ab
1134 2065 1273 2122 omnibus
1288 2067 1441 2123 humiliter
1456 2074 1486 2122 et
1497 2069 1600 2124 devota
1615 2069 1743 2138 deferri,
1760 2069 1836 2126 disc.
1851 2085 1912 2125 ves·

1081 2159 1133 2209 tras
1148 2171 1202 2226 ρει
1222 2157 1385 2227 apostolica
1401 2158 1510 2229 scripta
1536 2159 1719 2214 mandamus
1737 2166 1767 2215 et
1782 2159 1912 2214 districte

1080 2244 1270 2315 praecipimus
1286 2252 1432 2316 quatenus
1449 2263 1484 2302 ex
1499 2254 1582 2318 parte
1593 2253 1707 2321 ,nostra
1721 2249 1835 2305 curetis
1849 2251 1910 2302 ιὀι-

1082 2331 1139 2388 tius
1155 2333 1290 2390 inhibere
1306 2350 1344 2390 ue
1358 2335 1424 2406 quis
1446 2337 1477 2390 in
1492 2337 1683 2394 cantuarien.
1701 2338 1870 2394 Ecclesiam
1884 2343 1911 2392 et

1080 2421 1204 2478 dilectos
1225 2423 1303 2479 sslios
1325 2425 1456 2496 priorem
1472 2431 1502 2481 ει
1524 2427 1689 2483 monachos
1706 2427 1906 2492 cantuarien,

1080 2517 1148 2582 post
1162 2513 1395 2584 appellationem
1411 2514 1447 2570 ad
1463 2531 1518 2570 nos
1533 2516 1667 2588 legitime
1689 2518 1907 2590 interpositam,

1080 2601 1406 2672 excommunicationis,
1436 2606 1643 2675 suspensionis
1671 2607 1734 2662 sive
1760 2605 1905 2662 interdicti

1080 2691 1259 2747 sententiam
1272 2691 1404 2764 proferre
1420 2695 1621 2764 prasumatsi
1636 2696 1792 2767 quievero
1808 2699 1907 2750 contra

1080 2785 1303 2855 praesumpserit
1330 2785 1376 2840 vel
1413 2787 1557 2842 hacteuus
1591 2787 1668 2843 forte
1705 2788 1905 2861 praesumpsit,

1080 2875 1260 2928 sententiam
1285 2874 1350 2947 ejus
1378 2875 1493 2931 nullam
1517 2891 1583 2932 esse
1601 2879 1725 2948 penitus
1754 2877 1905 2934 nuntietis.

1080 2959 1108 3013 Si
1125 2963 1176 3031 qui
1192 2963 1281 3018 etiam
1304 2965 1508 3035 possessiones
1532 2981 1636 3021 eorum
1664 2967 1832 3022 invaserint
1845 2966 1905 3020 vio-

1080 3049 1185 3120 lenter,
1202 3069 1253 3109 eos
1268 3052 1306 3109 ad
1321 3054 1542 3110 restitutionem
1564 3072 1667 3112 earum
1682 3071 1905 3130 percensuram

200 3182 371 3242 extrahatur
386 3195 421 3234 ex
444 3181 505 3232 toto
521 3180 551 3230 et
572 3189 626 3246 per
645 3171 727 3228 aliud
750 3171 835 3227 illum
857 3142 1325 3226 immissum00⁰⁰¹0⁵i³⁸ii⁰f²fflr
1361 3143 1457 3217 ἶιΡιθῙ·
1493 3147 1669 3217 Ρθὸῑιθῦιῑὸι
1710 3147 1903 3219 ὓθῐΠΡθΠὸῑιι·

198 3271 282 3329 falsis
298 3267 405 3324 litteris
419 3265 577 3321 inseratur.
590 3261 696 3328 Tertia,
710 3264 744 3315 ut
759 3259 843 3315 illurn
858 3257 894 3314 ab
911 3274 946 3314 ea
960 3274 1026 3330 par-

201 3368 239 3430 te,
256 3360 287 3417 in
300 3374 359 3432 qua
373 3356 475 3412 charta
487 3351 624 3426 plicatur,
642 3350 853 3418 incisum‚cum
866 3364 934 3404 vero
943 3347 1026 3405 bulla

199 3451 283 3508 falsis
297 3447 405 3505 litteris
417 3443 595 3501 immittatur
609 3438 663 3496 sub
677 3440 781 3496 eadem
795 3438 942 3510 plicatura
956 3454 1024 3494 cum

202 3541 252 3598 filo
269 3538 376 3596 similis
398 3533 518 3606 canapis
544 3533 754 3586 restauratum.
770 3529 888 3597 Quarta,
913 3527 1024 3599 quoda

202 3627 348 3702 superiori
375 3629 458 3698 parte
474 3620 564 3677 bullar
579 3618 673 3675 altero
687 3633 756 3688 pars
772 3615 815 3672 illi
831 3615 885 3672 sub
901 3613 1023 3688 plumbo

202 3717 381 3774 rescinditur
396 3718 425 3769 et
444 3728 497 3784 per
520 3710 550 3765 id
574 3708 659 3764 iilum
679 3705 786 3762 litteris
807 3703 891 3759 falsis
912 3703 1024 3758 inserta

199 3806 353 3864 reducitur
367 3801 446 3858 inira
460 3795 818 3870 plumbum.Quinta,cum
834 3793 941 3848 litteris
955 3791 1023 3846 bul-

202 3895 270 3953 latis
285 3899 315 3950 et
325 3890 450 3948 redditis
458 3885 572 3958 aliquid
588 3887 619 3940 in
635 3883 740 3954 eisper
753 3897 887 3938 rasuram
902 3887 1024 3936 tenuem

200 3985 384 4040 immutatur.
400 3981 457 4036 Eos
472 3976 560 4032 etiam
574 3991 591 4028 a
605 3972 730 4028 crimine
750 3969 889 4026 falsitatis
902 3985 962 4024 non
977 3985 1025 4024 re-

1081 3232 1176 3287 Nullis
1192 3233 1299 3288 litteris
1311 3233 1358 3289 ob.
1371 3235 1493 3291 raritate
1507 3234 1604 3304 tacita,
1619 3243 1676 3292 etc.
1705 3238 1790 3303 Quod
1806 3237 1829 3292 si
1845 3251 1905 3292 om·

1080 3336 1145 3389 nes,
1160 3327 1215 3376 etc.

1114 3412 1222 3468 Datum
1236 3411 1357 3485 Spolet,
1372 3429 1400 3469 ιν
1413 3415 1510 3472 Nonas
1525 3415 1721 3488 Septembris.

1430 3532 1539 3590 CCCLI.

1105 3637 1129 3676 s.
1149 3639 1345 3684 recusutum
1367 3641 1390 3679 s.
1412 3639 1511 3682 arona.
1533 3641 1676 3683 amouens
1696 3639 1877 3684 muraneum.

1331 3734 1460 3804 Ejusdem
1475 3741 1639 3809 orpumenti.

1261 3847 1398 3920 (Perusii,
1413 3865 1440 3904 ιιι
1454 3848 1497 3904 ld.
1514 3849 1720 3924 Septembris).

1114 3957 1188 4028 (135)
1203 3956 1308 4013 Ιιιιεειι
1324 3957 1378 4012 ιιιιι
1393 3960 1435 4014 lo.
1452 3961 1481 4012 ct
1496 3959 1644 4014 liubertus
1664 3959 1764 4017 nuntii
1780 3957 1897 4014 dilecto-

199 4077 337 4146 putamus
354 4069 501 4124 immunes
512 4062 562 4134 qui
573 4065 677 4118 contra
690 4059 932 4116 constitutionem
948 4075 1025 4130 prae-
1079 4063 1145 4102 l'um
1168 4047 1299 4103 filiorum
1326 4047 1434 4120 prioris
1463 4052 1492 4103 et
1515 4049 1733 4106 monachorum
1765 4045 1897 4104 Ecclesia

199 4162 322 4216 missam
337 4157 466 4214 scienter
480 4153 595 4209 litteras
610 4155 727 4205 nostras
741 4149 800 4204 nisi
816 4149 852 4204 de
868 4153 969 4204 nostra
979 4148 1025 4203 vel
1077 4137 1266 4196 cantuarien.
1283 4136 1370 4193 nobis
1384 4136 1539 4194 humiliter
1559 4139 1727 4196 retulerunt
1742 4137 1896 4210 quodcum

200 4249 355 4308 bullatoris
370 4245 464 4302 nostri
479 4258 569 4298 manu
585 4239 742 4311 recipiunt.
760 4239 815 4293 lios
840 4252 957 4308 quoque
973 4237 1023 4308 qui
1078 4243 1130 4298 pro
1145 4243 1235 4283 causa
1250 4243 1315 4298 qum
1340 4228 1417 4283 inter
1432 4227 1526 4283 dictos
1550 4229 1681 4300 priorem
1697 4236 1726 4286 et
1741 4225 1895 4284 monachos

199 4339 367 4397 accidentes
390 4334 427 4391 ad
446 4332 554 4399 bullas,
570 4328 660 4386 falsas
684 4326 798 4383 litteras
824 4331 908 4382 caute
931 4326 1024 4400 proji-
1079 4322 1107 4372 et
1121 4315 1321 4372 venerabilem
1343 4316 1465 4372 fratrem
1489 4323 1625 4374 nostrum
1647 4318 1835 4375 (lantum-ian.
1851 4329 1894 4367 ar-

198 4431 327 4497 ciunt,ut
339 4424 374 4481 de
389 4440 458 4480 vcra
471 4420 554 4478 bulla
568 4435 636 4475 cum
651 4417 718 4473 aliis
731 4415 1023 4489 sigillenturSedhae
1079 4406 1300 4478 chiepiscopum
1326 4421 1415 4479 super
1438 4405 1602 4478 capellada
1618 4407 1746 4464 Lamhee
1766 4401 1893 4460 verteba-

198 4518 263 4573 duae
279 4515 393 4588 species
417 4509 556 4568 falsitatis
580 4525 641 4564 non
664 4511 790 4578 possunt
812 4504 898 4561 laoile
913 4504 1019 4576 depre-
1035 4505 1061 4569 D
1077 4502 1135 4565 tur,
1149 4496 1185 4552 ab
1201 4497 1274 4568 i1³³5ss
1288 4495 1387 4567 ΡΓῙΟΓΘ
1403 4511 1437 4551 ³0
1451 4495 1606 4552 m⁰¹¹i²⁰hi8
1622 4493 1893 4560 miiieressiubsicut

197 4605 299 4672 hendi,
316 4603 374 4658 nisi
389 4600 436 4656 vel
449 4600 480 4655 in
503 4597 591 4654 modo
614 4595 784 4651 dictaminis
808 4593 854 4649 vel
869 4593 900 4650 in
924 4593 1022 4650 forma
1076 4587 1119 4645 cis
1133 4585 1319 4658 propositum
1334 4584 1399 4652 luit,
1411 4583 1491 4640 idem
1506 4584 1748 4658 archiepiscopus
1763 4587 1828 4655 post
1841 4579 1892 4634 iter

197 4694 351 4766 scripturae
366 4689 410 4746 ιει
435 4688 577 4761 qualitate
592 4684 702 4741 chartas
727 4682 841 4739 falsitas
856 4698 1020 4756 cognosca-
1076 4680 1227 4747 arreptum
1251 4674 1283 4728 in
1307 4689 1357 4728 eos
1382 4674 1697 4730 excommunicationis
1722 4669 1891 4730 sententiam

198 4783 292 4839 turin
307 4778 423 4836 caeteris
438 4781 538 4832 autern
553 4773 680 4845 diligens
692 4771 847 4844 indagator
859 4770 1021 4826 falsitatem
1075 4762 1281 4837 promulgavit.
1295 4762 1368 4817 Cum
1384 4765 1484 4817 autem
1499 4760 1566 4834 plus
1591 4763 1629 4819 sit
1643 4763 1679 4820 ad
1695 4762 1796 4820 sedem
1810 4771 1890 4829 apos·

198 4869 307 4945 poterit
321 4863 492 4938 diligentius
508 4861 617 4918 intueri
632 4859 678 4915 vel
692 4859 724 4914 in
739 4857 930 4930 adjunctione
955 4856 1022 4912 iilo-
1076 4852 1195 4908 tolicam
1209 4851 1286 4907 iacto
1298 4867 1458 4922 provocare
1471 4868 1560 4922 quam
1575 4851 1662 4909 verbo
1678 4859 1708 4910 et
1722 4849 1793 4924 ipsis
1807 4859 1890 4921 prop·

196 4977 264 5017 rum
278 4958 325 5014 uel
340 4957 371 5011 in
386 4952 544 5011 collatione
569 4947 658 5004 bullae
673 4947 718 5002 rel
734 4947 864 5002 motione
876 4946 922 5000 rel
935 4945 1022 5000 ohtu·
1075 4945 1121 4998 ter
1146 4941 1319 5014 praedictam
1344 4955 1464 4996 causam
1489 4941 1526 4996 ad
1550 4943 1712 4999 Romanam
1736 4935 1886 4996 Ecclesiam

197 5049 297 5116 sione;
313 5041 479 5120 praesertim
496 5039 520 5095 si
536 5037 618 5094 bulla
632 5053 692 5094 non
708 5036 747 5091 sit
761 5033 950 5106 aequaliased
964 5032 1019 5089 ali·
1074 5029 1273 5098 venientibus,
1300 5029 1483 5102 intelligatur
1511 5029 1548 5084 ad
1576 5029 1677 5087 sedem
1703 5024 1886 5101 apostolicam

196 5137 263 5193 cubi
287 5133 380 5207 magis
404 5131 444 5188 sit
464 5125 589 5194 tumida,
615 5123 686 5182 alibi
707 5123 802 5196 magis
826 5121 976 5195 depressa.
991 5121 1020 5177 Si
1074 5125 1274 5192 provocatum,
1302 5117 1475 5174 discretioni
1512 5123 1616 5174 vestrae
1647 5137 1701 5192 per
1735 5112 1885 5190 apostolica

194 5243 262 5283 vero
277 5223 357 5298 quod
373 5223 477 5278 contra
500 5218 600 5290 ipsum
614 5216 636 5270 1.
652 5211 733 5268 vobis
755 5211 945 5283 precipimus
966 5226 1021 5266 ne·
1075 5210 1185 5282 scripta
1212 5207 1390 5264 mandamus
1413 5213 1560 5280 quatenus
1580 5208 1604 5264 si
1627 5224 1728 5265 verum
1749 5210 1793 5260 est
1814 5195 1885 5270 quod

196 5313 347 5388 glexeritis
362 5303 744 5381 adimplere,noveritisnos
758 5298 921 5356 venerabili
935 5297 1019 5354 fratri
1074 5299 1227 5367 asseritur,
1243 5297 1337 5352 dictos
1352 5297 1393 5352 to.
1411 5301 1440 5352 et
1465 5297 1532 5364 liu,
1557 5297 1754 5369 appellatione
1775 5295 1885 5363 postpo-

196 5409 298 5460 nostro
312 5398 476 5456 Vercellae.
494 5395 632 5468 episcopo
647 5389 846 5464 precipiendo
862 5385 1019 5444 mandasse
1075 5388 1141 5456 sita,
1158 5385 1339 5443 denuntietis
1359 5385 1675 5443 excommunicationis
1701 5380 1811 5440 maculo
1829 5387 1883 5431 non

195 5495 229 5546 ut
240 5490 304 5562 ipse
318 5487 348 5545 id
365 5485 537 5544 auctoritate
560 5479 731 5554 apostolica,
748 5476 863 5536 sublato
887 5476 1020 5550 appella·
1074 5475 1180 5533 teneri.

195 5579 285 5634 tionis
300 5575 465 5646 obstaculo,
481 5574 669 5645 exsequatur.

232 5691 306 5766 (tii)
321 5690 393 5748 Vide
408 5705 498 5763 supra
509 5688 595 5762 epist.
611 5687 673 5742 2³5.

1109 5567 1215 5623 Datum
1229 5563 1356 5632 Perusii,
1371 5579 1400 5619 111
1414 5561 1483 5619 Idus
1499 5562 1691 5637 Septembris.

1110 5680 1184 5755 (135)
1199 5682 1267 5754 Cap.
1284 5681 1382 5738 Dilecta·
1395 5680 1457 5750 filii,
1474 5679 1514 5735 De
1529 5677 1670 5753 appellat.
