3972 6068
94 291 146 348 661
602 285 855 342 PONTITTCATUS
874 285 970 343 Anno
989 287 1025 357 Π,
1049 287 1188 346 CHRISTI
1210 293 1287 350 1199.
1754 288 1807 344 662

95 416 223 484 dicebat,
237 413 268 470 13
284 429 374 472 causa
397 413 542 488 primatia
569 411 784 468 condemnatus
816 411 1566 487 Braca-Aqnamrolueratnecrolebat‚ipsijuxta
1584 414 1712 469 formam
1728 429 1809 468 com·

95 505 194 564 333313
212 504 436 577 archiepiscopo
453 502 605 584 Toletano,
627 499 800 572 compulsus
816 499 873 556 fuit
888 498 924 557 ab
981 503 1135 561 missionis
1150 507 1346 580 procedentes
1361 507 1392 562 in
1407 523 1506 574 causa,
1522 506 1599 561 sicut
1621 502 1806 575 Compostel-

96 594 228 670 Eugeuio
243 610 320 666 papa
334 591 390 667 (60)
403 591 534 648 debitam
557 590 601 645 illi
616 589 817 645 obedientiam
841 605 925 645 reco·
981 589 1068 650 lanus
1084 595 1325 669 archiepiscopus
1344 595 1539 668 proponebat,
1557 595 1699 667 inspectis
1713 593 1804 649 ratio-

96 699 251 758 gnoscere.
268 685 393 756 Propter
413 679 491 754 quod
517 680 544 737 ei
564 679 763 736 amicabiliter
784 678 924 748 sociatus,
981 679 1069 737 nibus
1084 684 1213 754 partium
1229 690 1258 740 et
1269 684 1387 758 plenius
1402 684 1571 754 intellectis,
1585 681 1664 754 quod
1675 681 1807 738 Ecclesia

97 789 218 846 sperare
247 772 337 844 coepit
361 771 441 844 quod
466 769 669 842 episcopatum
694 769 847 825 Zamoren.
873 783 926 840 per
981 771 1133 827 zamoren.
1150 771 1307 829 decaetero
1325 772 1572 846 compostellanae
1588 776 1729 844 tanquam
1746 787 1806 826 suae

99 863 199 936 ipsum
213 865 316 936 posset
337 860 483 928 33133333,
500 858 536 914 36
553 857 638 931 cujus
660 855 849 928 metropolim
865 871 926 911 non
981 859 1141 932 metropoli
1152 861 1809 935 essetsubjectaseutentialiterdecreverunt.

100 951 263 1026 spectabat.
277 950 361 1007 Unde
371 946 926 1022 inejusdempapaepraesentiapropter
981 947 1054 1004 Cum
1067 954 1167 1006 autem
1188 950 1224 1007 ab
1242 951 1359 1008 Urbano
1371 951 1451 1007 Lucii
1468 966 1639 1007 successore
1654 949 1722 1006 latae
1737 964 1805 1004 sen·

99 1057 223 1098 causam
233 1042 387 1096 Zamoren.
401 1039 589 1112 episcopatus
597 1035 685 1092 dictis
694 1034 925 1107 archiepiscopis
980 1037 1080 1094 tentiae
1092 1039 1278 1096 confirmatio
1289 1046 1451 1112 peteretur,
1463 1046 1583 1112 propter
1595 1037 1804 1096 contradictio·

98 1130 281 1198 constitutis,
296 1127 371 1185 nihil
381 1127 438 1184 fuit
457 1133 560 1185 contra
583 1127 740 1182 Bracaren.
756 1124 924 1180 aToletano
979 1142 1048 1182 nem
1062 1127 1222 1185 Bracaren.
1239 1130 1455 1203 archicpiscopi
1470 1146 1531 1186 non
1545 1129 1641 1202 potuit
1654 1126 1782 1183 obtineri
1797 1144 1804 1194 ;

96 1235 275 1292 responsum
305 1216 385 1292 quod
407 1217 501 1289 ipsius
528 1214 714 1290 propositum
740 1213 923 1286 impediret,
980 1217 1131 1288 nonquod
1148 1235 1238 1290 super
1253 1221 1317 1292 ipso
1338 1219 1509 1292 episcopatu
1525 1219 1744 1292 possessionem
1759 1215 1804 1272 vel

97 1310 221 1366 sicutex
231 1312 333 1364 tenore
351 1307 505 1363 sententia
523 1304 700 1361 declaratur.
713 1303 747 1357 ln
762 1301 808 1356 his
825 1306 924 1356 eutem
979 1306 1187 1377 proprietatem
1201 1309 1265 1380 eJus
1273 1307 1400 1381 3313363
1412 1307 1683 1381 compostellanam
1698 1305 1798 1361 Eccle-

97 1397 236 1456 omnibus
252 1397 386 1453 doluerat
407 1398 561 1452 zamoren.
579 1393 628 1466 qui
645 1391 681 1448 de
697 1389 837 1448 mandato
853 1407 924 1462 apo·
979 1392 1054 1448 siem
1069 1395 1250 1466 conveniret,
1266 1397 1318 1453 sed
1333 1413 1422 1469 super
1446 1397 1509 1453 sola
1532 1397 1680 1452 sententia
1692 1395 1802 1450 confrr-

98 1487 210 1546 stolicae
224 1485 303 1542 sedis
314 1485 477 1542 secundum
488 1484 684 1540 assertionem
693 1479 924 1552 compostellani
980 1481 1097 1556 manda,
1113 1485 1160 1540 vel
1175 1485 1355 1544 infirmando
1371 1487 1401 1542 in
1413 1503 1457 1552 33,
1478 1486 1502 1542 31
1518 1483 1590 1558 quid
1601 1485 1741 1542 existeret
1754 1484 1801 1538 13-

98 1574 313 1648 archiepiseopi
329 1591 381 1646 pro
393 1573 487 1629 libero
503 1589 534 1628 se
546 1571 676 1645 gerebat.
689 1569 772 1626 Unde
783 1571 814 1625 13
831 1569 924 1641 133133
979 1569 1169 1641 firmandum,
1181 1572 1339 1631 litterasad
1351 1575 1477 1630 Brixien.
1486 1573 1704 1630 vicedominum
1712 1588 1801 1644 quem

98 1657 924 1738 praejudicium,sicutnequeadversusCompostellanam
978 1677 1032 1732 pro
1045 1661 1100 1718 hac
1116 1679 1205 1720 causa
1220 1670 1248 1720 et
1264 1665 1342 1734 aliis,
1359 1681 1424 1736 quae
1440 1665 1519 1720 inter
1532 1663 1803 1736 Compostellanam

97 1753 262 1810 Ecclesiam
275 1751 462 1808 indefensam
482 1756 551 1806 tunc
563 1749 704 1822 temporis
719 1747 921 1811 etabsentem
980 1755 1010 1805 et
1020 1752 1176 1809 Bracaren.
1189 1755 1335 1811 Ecclesiae
1350 1754 1549 1822 vertebantur,
1559 1754 1758 1810 destinaverat
1773 1751 1802 1806 13
1893 1812 1897 1822 ,

98 1841 182 1900 33113
199 1841 348 1899 sententia
371 1838 415 1896 vel
431 1839 608 1912 rescriptum
635 1837 786 1910 impetrari
808 1841 924 1908 poterat
981 1841 1519 1917 613333133311333133311.13333333
1544 1845 1622 1899 inter
1644 1843 1703 1900 3113
1714 1857 1804 1914 super

97 1949 166 1990 curn
182 1933 298 1988 effectu.
312 1932 354 1986 Ex
367 1945 426 2001 qua
438 1933 539 1984 tamen
553 1927 700 1983 sententie
715 1942 775 1982 non
790 1924 846 1981 fuit
856 1942 922 1997 pos·
978 1931 1170 2002 possessione
1179 1934 1332 1989 zamoren.
1345 1933 1534 2006 episcopatus
1545 1932 1643 1988 311313
1656 1929 1804 1987 sententia

98 2021 192 2078 sessio
207 2019 364 2094 acquisita.
382 2020 515 2090 Cumque
532 2022 634 2090 postea
646 2015 834 2072 Bracarensis
850 2014 925 2070 resi·
980 2035 1070 2092 super
1084 2020 1148 2093 ipso
1164 2021 1278 2077 duabus
1292 2021 1405 2078 vicibus
1416 2021 1526 2078 multos
1542 2025 1632 2077 testes
1642 2019 1802 2092 productos

97 2113 167 2169 liret
178 2111 214 2168 ab
223 2109 394 2167 obedientia
408 2107 554 2175 Toletani,
572 2111 601 2162 et
613 2107 677 2180 ipse
692 2121 854 2179 suspensus
869 2105 926 2160 fuit
979 2107 1016 2164 ab
1041 2109 1263 2182 archiepiscopo
1292 2113 1447 2171 bracaren.
1474 2111 1597 2183 recepit,
1614 2110 1664 2184 qui
1687 2109 1724 2164 de
1738 2126 1803 2182 pro·

99 2207 128 2258 et
143 2201 179 2256 ab
196 2200 260 2272 ejus
276 2199 446 2254 obedientia
461 2213 567 2254 omnes
583 2195 760 2269 suffraganei
784 2194 922 2251 absoluti.
980 2197 1106 2270 prietate
1129 2197 1203 2256 dixit
1224 2200 1377 2256 neminem
1400 2217 1504 2258 eorum
1528 2200 1604 2256 scire
1633 2196 1757 2269 aliquid,
1772 2202 1804 2253 ut

98 2289 180 2347 Unde
193 2306 246 2362 333
260 2290 371 2344 lactum
396 2287 442 2344 vel
467 2285 641 2342 mandatum
657 2284 751 2356 ipsius
774 2281 924 2355 possessio
981 2286 1139 2355 credebat3
1157 2305 1258 2345 verum
1275 2290 1300 2345 si
1315 2290 1382 2361 quis
1397 2290 1467 2346 inde
1489 2289 1602 2362 aliquid
1617 2289 1729 2344 diceret
1741 2285 1803 2359 juri

96 2376 260 2451 spiritualis
277 2381 306 2432 et
327 2393 392 2448 qum
415 2373 452 2432 ad
467 2377 656 2431 sacramenta
668 2370 853 2444 spectabant,
868 2388 920 2427 se·
980 2393 1034 2432 suo
1049 2378 1221 2434 renuntiare
1242 2379 1373 2448 nolebat,
1389 2381 1522 2451 quamvis
1547 2377 1804 2451 Compostellauus

97 2465 229 2523 cundum
245 2465 442 2521 assertionem
453 2460 685 2534 compostellani
696 2460 922 2532 archiepiscopi,
979 2465 1220 2538 archiepiscopus
1237 2472 1326 2522 testes
1340 2467 1489 2539 praefatos,
1505 2484 1565 2524 non
1581 2483 1670 2538 super
1683 2481 1803 2538 posses·

97 2573 159 2613 non
183 2555 279 2628 potuit
302 2553 440 2610 obtineri.
467 2551 533 2620 Sed,
558 2567 627 2606 cum
653 2565 807 2605 successor
831 2549 923 2621 ipsius
979 2553 1063 2609 31333
1076 2556 1230 2611 Zamoren.
1260 2557 1457 2629 episcopatus,
1474 2557 1526 2612 336
1541 2572 1631 2628 33333
1656 2554 1804 2611 333133113

98 2633 351 2703 contrazamoren
362 2638 923 2715 episcopumexsecutionemsententim
978 2647 1102 2718 tantum!
1121 2643 1234 2700 diceret
1248 2645 1458 2714 admittendos,
1472 2661 1561 2718 super
1575 2660 1634 2716 qua
1649 2643 1802 2699 33133331-

97 2737 207 2808 saepius
232 2733 405 2807 postularet,
429 2747 608 2803 responsum
629 2730 743 2801 accepit
764 2729 843 2800 quod
865 2728 924 2784 nisi
978 2731 1115 2789 missioa
1135 2738 1219 2804 33313
1241 2733 1335 2791 311333
1358 2736 1515 2809 impetrata
1536 2739 1565 2790 et
1588 2733 1619 2789 in
1634 2731 1802 2805 receptione

96 2826 180 2898 prius
192 2823 394 2896 acquiesceret
407 2820 607 2878 sententiaede
620 2819 768 2891 primatia,
780 2819 836 2874 hoc
851 2819 923 2874 nul·
979 2838 1101 2878 suorum
1116 2823 1237 2880 testium
1254 2824 1289 2880 de
1305 2826 1458 2880 zamoren.
1479 2824 1666 2896 episcopatus
1686 2837 1802 2896 posses-

94 2914 215 2970 latenus
230 2913 413 2986 impetraret.
431 2910 514 2966 Unde
530 2927 624 2982 usque
641 2908 677 2966 ad
694 2908 923 2981 temporabonae
980 2911 1063 2967 sione
1073 2928 1134 2968 non
1144 2912 1278 2968 fueratin
1291 2913 1387 2970 forma
1393 2912 1557 2987 juramenti
1569 2909 1803 2984 expressumali-

95 3003 249 3060 memorias
264 3000 424 3058 Alexandri
450 3017 533 3073 papae
558 2999 703 3056 remansit
726 2997 877 3072 negotium
893 2998 924 3053 in
979 2999 1103 3074 quid,ut
1114 3000 1239 3058 dicebat.
1250 3003 1432 3075 thuoniam
1443 3001 1803 3075 dictusdelegatususque

94 3110 251 3166 suspenso.
271 3093 305 3147 ln
321 3091 406 3164 cujus
419 3090 578 3163 praesentia
587 3105 720 3163 33333333
735 3087 922 3160 Compostel-
978 3089 1204 3147 adsentantium
1219 3089 1407 3148 diffinitivam
1422 3092 1596 3165 procedens,
1608 3095 1690 3163 gesta
1702 3089 1804 3145 omnia

93 3184 183 3241 lanus
197 3185 377 3255 praesentem
400 3176 696 3251 zamoren.compelli
721 3176 815 3250 petiit,
832 3182 864 3233 ut
878 3177 922 3233 di·
938 3159 963 3224 G
978 3178 1032 3236 sub
1049 3180 1146 3254 sigillo
1163 3197 1215 3237 suo
1231 3180 1269 3236 ad
1294 3181 1395 3238 sedem
1419 3181 1613 3254 apostolicam
1634 3179 1800 3248 destinavit,
1887 3199 1888 3202 ¹

95 3271 191 3340 cebet,
208 3269 263 3326 sibi
281 3268 317 3326 de
339 3269 525 3342 subjectione
546 3269 700 3323 Zamoren.
720 3266 859 3324 Ecclesia
876 3283 923 3323 re·
978 3274 1169 3342 pretaxatam
1190 3271 1371 3328 sententiam
1393 3276 1536 3343 tanquam
1552 3269 1693 3326 canonice
1709 3267 1800 3324 latam

97 3359 255 3434 spondere.
273 3361 392 3428 Verum,
406 3357 477 3430 quia
496 3357 576 3413 idem
591 3355 758 3413 Alexander
769 3357 923 3413 3331331133

99 3451 165 3507 latas
178 3449 215 3505 ab
225 3449 356 3522 Eugenio
365 3445 923 3521 papaprmsentialiterinterfueratnec

96 3537 323 3596 contrafactum
337 3537 431 3610 ipsius
446 3535 546 3592 venire
560 3534 686 3604 volebat,
704 3533 870 3590 rationibus
880 3539 924 3590 ta-

51 3635 54 3642 '
95 3645 165 3684 men
177 3626 326 3696 inductus,
335 3625 370 3682 63
378 3627 502 3682 fratrum
512 3625 636 3680 consilio
645 3625 734 3696 plena
743 3624 861 3679 tandem
871 3623 921 3679 de·

95 3716 272 3774 liberatione
282 3712 833 3788 statuit‚proutidemCompostellauus
842 3712 922 3767 dice·

94 3807 192 3876 bat,ut
200 3806 269 3878 quia
278 3822 326 3862 res
337 3807 415 3861 inter
425 3803 500 3860 alios
511 3808 576 3858 3313
586 3802 652 3858 31113
662 3818 722 3857 333
737 3801 921 3873 praejudicat,

96 3913 157 3953 non
184 3896 321 3951 obstante
349 3893 439 3966 priori
463 3892 612 3950 sententio
633 3891 819 3946 zamorensis
839 3895 923 3945 tene-

96 3992 180 4042 retur
193 3983 228 4040 63
245 3983 430 4056 subjectione
440 3998 494 4037 sua
509 3980 747 4054 Compostellauo
759 3979 924 4052 archiepis-

95 4091 169 4147 copo
192 4071 385 4145 respondere.
411 4071 439 4126 Si
465 4087 534 4143 ergo
550 4069 604 4125 sub
629 4075 709 4126 certa
733 4069 837 4136 forma,
854 4085 938 4139 qum,

92 4163 230 4234 superius
253 4165 298 4216 331
319 4176 469 4233 expressa,
486 4158 725 4215 fuitcommissio
749 4159 919 4229 impetrata.

92 4253 228 4322 Cumque
237 4266 291 4323 per
302 4249 418 4306 litteras
429 4249 522 4320 ipsius
533 4247 691 4303 Alexandri
704 4264 763 4303 non
774 4247 880 4303 fuisset
890 4247 920 4303 13

92 4355 183 4395 causa
197 4354 383 4412 processum,
399 4353 555 4394 successor
570 4337 634 4409 ejus
650 4336 756 4392 Lucius
777 4335 919 4392 commis-

93 4430 208 4486 sionem
225 4427 544 4494 iunoraviteamdem;
567 4425 653 4498 cnjus
677 4429 779 4480 tenore
799 4423 919 4496 judices

977 3359 1147 3416 confirmari
1162 3377 1179 3416 a
1194 3360 1279 3416 nobis
1290 3360 1545 3432 Compostellauus
1560 3358 1801 3431 archiepiscopus

978 3449 1160 3520 requirebat,
1177 3449 1387 3505 nonobstante
1403 3449 1482 3521 quod
1497 3453 1602 3504 contra
1615 3447 1799 3504 commissio-

978 3553 1047 3593 nem
1063 3536 1098 3593 dc
1115 3537 1181 3594 falsi
1199 3539 1387 3611 suggestione
1401 3537 1448 3593 331
1462 3539 1528 3594 31113
1553 3537 1650 3592 133331
1672 3537 1801 3591 intenta-

978 3631 1051 3696 tum,
1063 3643 1130 3682 cum
1143 3632 1274 3684 3333313
1286 3629 1464 3684 sententiam
1474 3627 1722 3700 objectumfuerit
1734 3643 1800 3691 333,

978 3715 1117 3772 siveritas
1129 3716 1181 3771 1113
1196 3717 1303 3772 1313331
1314 3733 1463 3788 33333333,
1479 3715 1721 3773 commissionem
1737 3714 1801 3772 nul-

978 3803 1094 3860 latenus
1109 3805 1284 3878 impedisset
1300 3821 1306 3860 :
1324 3822 1378 3861 333
1393 3807 1549 3862 Bracaren.
1566 3807 1709 3861 intererat
1724 3805 1800 3877 apel·

977 3893 1049 3960 lare,
1066 3909 1132 3950 cum
1147 3893 1201 3950 sibi
1219 3911 1272 3966 per
1287 3910 1391 3950 eonon
1409 3895 1493 3951 fleret
1507 3893 1715 3967 prejudicium
1735 3911 1800 3966 quae

976 3983 1055 4038 inter
1069 3982 1144 4038 alios
1159 3983 1340 4056 agebantur3
1366 3983 1443 4040 sicut
1457 4001 1511 4039 333
1527 3984 1663 4039 ultimam
1681 3983 1802 4039 clausu-

976 4073 1035 4128 lam
1057 4071 1234 4142 litterarum‚
1251 4089 1317 4144 qum
1340 4071 1468 4129 aforma
1491 4073 1641 4130 communi
1658 4078 1686 4128 et
1702 4073 1799 4142 solita,

976 4177 1035 4218 non
1053 4178 1153 4230 sensu,
1177 4163 1229 4218 sed
1249 4163 1345 4218 verbis
1371 4161 1578 4219 tantummodo
1602 4161 1799 4234 discrepabat.

976 4253 1032 4307 Nos
1046 4267 1113 4324 ergo
1136 4251 1302 4308 rationibus
1324 4258 1354 4308 31
1369 4251 1608 4325 allegationibus,
1634 4252 1800 4308 attestatio·

976 4339 1064 4396 nibus
1077 4357 1236 4412 quoqueac
1247 4341 1455 4397 instrumentis
1466 4340 1722 4412 utriusquepartis
1736 4341 1801 4396 dili-

975 4434 1078 4502 genter
1093 4429 1201 4485 auditis
1218 4435 1246 4486 31
1258 4429 1429 4496 intellectis,
1446 4429 1560 4486 3131331
1579 4428 1714 4503 cognitis,
1732 4435 1800 4502 post

94 4517 494 4574 denuntiaveruntvivavoce
505 4515 727 4586 archiepiscopo
736 4513 919 4582 bracarensi,
936 4523 960 4588 [)
976 4519 1095 4592 longam
1110 4517 1324 4574 discussionem
1337 4523 1366 4573 et
1376 4517 1626 4574 examinationem
1636 4516 1798 4590 perfectam

95 4612 125 4662 31
141 4607 198 4663 633
215 4624 250 4663 ex
270 4606 354 4679 ipsis,
373 4603 580 4660 Tirasonensis
591 4603 705 4659 scilicet
724 4607 752 4658 et
767 4603 920 4658 Salaman-

92 4696 184 4765 tinus,
201 4695 280 4751 diem
294 4694 432 4750 etiocum
444 4692 539 4748 eidem
550 4692 724 4764 perlitteres
732 4691 918 4761 intimarunt,

93 4783 180 4840 tertio
196 4783 379 4839 rescribente
396 4781 512 4837 duobus
527 4781 607 4852 quod
621 4797 681 4836 non
696 4784 812 4852 poterat
827 4781 920 4836 inter·

91 4870 431 4944 esse,quemadmodnm
447 4868 704 4941 Compostellauus
719 4869 918 4942 archiepisco-

90 4978 146 5034 pus
168 4959 325 5017 referebat.
339 4957 590 5015 convenientibus
612 4961 712 5013 autem
727 4961 787 5013 tam
801 4955 917 5013 duobus

92 5049 243 5124 3333613113
248 5046 637 5122 judicibusqnampertibus
647 5045 685 5102 ad
693 5046 809 5102 diemet
818 5045 917 5102 locum

92 5155 191 5212 neque
210 5137 398 5196 Bracarensis
414 5135 580 5210 comperuit
604 5151 701 5208 neque
722 5135 786 5208 ejus
810 5134 918 5206 aliquis

91 5228 286 5302 responsalis.
303 5230 417 5283 Etcum
429 5223 614 5281 zamorensis
626 5223 778 5298 judicibus
795 5239 918 5300 respon-

92 5318 187 5376 disset
200 5317 280 5391 quod
295 5317 394 5390 ipsum
405 5315 442 5373 36
453 5313 657 5372 defensionem
673 5313 718 5370 sni
729 5327 832 5370 vocare
843 5329 918 5369 nun·

975 4606 1011 4662 de
1035 4606 1185 4662 communi
1210 4605 1333 4661 fratrum
1356 4610 1527 4662 nostrorum
1548 4606 1673 4662 consilio
1695 4607 1798 4664 docer-

974 4696 1072 4752 33363
1083 4695 1320 4768 pronuntiamus,
1333 4699 1361 4752 et
1373 4695 1595 4768 pronuntiando
1605 4695 1794 4753 decernimus

974 4785 1205 4842 sentententiam
1215 4783 1297 4840 illam
1316 4783 1345 4839 13
1359 4784 1442 4841 33113
1453 4801 1576 4857 prorsus
1586 4784 1730 4842 obsistere
1740 4787 1793 4842 tibi

973 4873 1018 4929 331
1034 4873 1171 4930 Ecclesiae
1200 4875 1382 4931 Bracarensi.
1406 4873 1484 4931 Nulli
1501 4891 1581 4962 ergo,
1606 4875 1795 4932 3136111131-

974 4963 1073 5032 tionis,
1092 4967 1146 5019 etc.

1009 5055 1114 5109 Datum
1129 5053 1275 5123 laterani,
1291 5069 1322 5109 m
1338 5056 1434 5111 Nonas
1449 5054 1518 5112 tulii

129 5543 186 5614 (60)
203 5542 325 5616 Eugenii
339 5541 428 5598 lllde
443 5556 478 5598 ea
501 5556 533 5595 33
561 5539 675 5596 11113333
702 5536 795 5594 edidit
809 5535 935 5594 11163333
963 5536 1094 5594 Fonseca
1119 5537 1275 5610 episcopus
1303 5536 1435 5592 Tirason.
1461 5536 1492 5592 in
1507 5541 1527 5596 t.
1550 5539 1576 5594 ll
1599 5538 1637 5594 De
1658 5537 1794 5610 primatia

96 5631 237 5690 Toletano.
