3952 6062
202 211 254 264 ser
716 205 970 265 rourmcsvus
988 203 1083 261 auno
1102 203 1125 272 1,
1146 201 1285 258 carusn
1304 201 1384 258 sies.
1566 189 1568 192 ’
1599 211 1600 218 ¹
1854 207 1897 260 as

204 330 384 404 aliquandiu
396 331 544 403 litigatum
558 335 589 387 et
603 330 683 387 idem
710 330 798 387 nobis
814 330 894 404 quod
908 330 1029 388 invene·
1044 331 1074 399 A
1089 325 1240 401 diligimus
1252 344 1259 396 ;
1272 331 1301 382 et
1313 343 1374 384 non
1389 328 1565 399 gloriosum,
1582 326 1635 383 sed
1651 326 1848 399 periculosum
1858 346 1899 385 no·
1943 325 1944 344 ³

206 427 254 478 rat
267 420 396 478 ildeliter
419 418 580 490 retulisset,
605 436 672 489 nos,
687 419 855 477 rationibus
875 419 1029 492 utriusque
1086 417 1132 472 bis
1145 416 1286 473 existeret
1308 417 1340 473 in
1357 415 1492 474 favorem
1516 414 1645 489 alicujus
1669 415 1701 472 in
1729 421 1758 472 te
1781 417 1898 488 prolerre

208 511 302 583 partis
325 507 484 583 diligenter
503 507 614 566 auditis
637 514 667 565 et
687 510 825 583 cognitis,
841 509 895 566 tibi
915 505 1032 581 adiudi·
1087 504 1266 562 sententiam
1280 509 1332 561 aut
1346 504 1480 577 aliquem
1496 521 1531 562 ex
1545 503 1759 563 malevolentia
1772 505 1897 562 condem·

210 603 312 656 cantes
336 597 499 676 Ecclesium
523 598 720 668 nominatam,
735 599 772 656 ad
796 615 885 672 quem
907 597 943 654 de
964 597 1033 672 jure
1087 611 1170 652 nare.
1187 595 1273 652 Omni
1289 611 1358 668 ergo
1372 595 1563 652 excusatione
1579 594 1758 664 cessante,si
1774 594 1898 668 apudnos

210 687 372 761 spectabat,
394 693 424 744 te
447 687 483 744 ab
506 687 692 760 impetitione
716 687 849 761 praedicti
873 686 1034 744 adversarii
1089 682 1242 740 desideras
1270 683 1396 758 gratiam
1420 684 1564 753 invenire,
1591 681 1769 740 mandatum
1797 683 1900 741 studeas

209 773 253 834 tiri
267 793 390 850 prorsus
407 775 598 846 absolvimus,
614 783 791 850 perpetuum
803 793 892 851 super
906 777 961 834 hoe
977 776 1034 832 sibi
1088 773 1285 846 apostolicum
1301 772 1484 846 adimplere;
1501 790 1562 831 non
1577 773 1700 829 rediens
1721 772 1758 829 ad
1781 771 1900 829 llildese·
1943 779 1944 782 ’

210 865 364 942 silentium
378 865 578 938 imponentes.
595 865 674 922 Nulli
687 881 767 940 ergo,
783 871 839 922 etc.
855 871 965 924 nostrus
978 864 1035 921 dii·
1089 880 1168 920 men.
1186 863 1349 920 Ecclesiam
1372 867 1403 920 et
1425 863 1462 920 ab
1488 861 1681 936 llerbipolen.
1707 861 1861 932 recedens;
1875 871 1902 920 ut

210 955 357 1014 linitionis
372 960 402 1012 et
414 953 621 1034 absolutionis,
639 959 696 1012 etc.
1090 957 1162 1010 tunc
1176 951 1297 1010 tandem
1312 969 1401 1026 quem
1416 954 1495 1010 cirea
1508 959 1537 1009 te
1554 953 1585 1009 in
1598 953 1658 1022 hoc
1674 956 1765 1010 etiam
1778 968 1900 1025 geramus

246 1045 353 1104 Datum
368 1044 516 1114 Laterani,
531 1061 580 1102 1111
595 1043 743 1104 Kalendas
757 1045 862 1114 llartii.
1091 1043 1230 1100 ellectum
1245 1041 1395 1101 evidenter
1409 1058 1561 1116 agnoscas.

549 1161 695 1220 Dlllxlv.
1437 1159 1566 1216 lllllllli.

210 1272 237 1312 c.
258 1267 389 1316 cucanea
418 1265 602 1310 almasanum
636 1267 777 1310 miscere.
812 1253 892 1327 [Sine
926 1252 1038 1311 saluta-
1245 1265 1337 1306 soem
1356 1265 1420 1305 vno
1439 1265 1477 1308 vv.
1497 1264 1587 1305 cosin
1607 1263 1762 1306 cusanam.

576 1339 678 1408 bonel.
1095 1339 1129 1394 Ut
1143 1343 1234 1409 coptos
1249 1341 1321 1409 reqts
1335 1345 1361 1394 et
1374 1340 1454 1409 requi
1466 1337 1568 1394 Sicilia
1583 1337 1673 1394 bostes
1692 1337 1835 1407 diliqenter
1853 1352 1901 1391 cus·

211 1434 251 1490 lte
265 1434 327 1506 quis
344 1431 471 1504 proprio
493 1430 666 1498 cucweitute,
680 1431 738 1488 sinc
758 1446 886 1488 emmanu
896 1447 989 1504 popa,
1005 1449 1040 1490 eo
1287 1409 1384 1478 ‘Willis
1400 1425 1480 1483 Sequi
1493 1409 1611 1465 'limiti
1625 1415 1717 1480 derat·
1943 1421 1944 1498 l

400 1520 459 1560 unu
472 1503 594 1560 Ecclesia
605 1504 635 1558 ia
649 1502 734 1558 ulium
748 1505 856 1573 migret.
1130 1506 1210 1563 licet
1223 1507 1367 1564 hactenus
1382 1507 1461 1562 inter
1475 1511 1599 1564 caeteros
1613 1506 1768 1580 principes
1782 1506 1856 1578 regni
1866 1506 1901 1562 Si·
1943 1499 1944 1518 ¹

250 1594 327 1667 (266)
351 1591 435 1661 Quod
457 1591 512 1648 tibi
547 1589 718 1663 apostolicas
746 1591 934 1648 salutationis
966 1591 1041 1650 allo-
1094 1595 1170 1652 oilie
1186 1597 1345 1668 specialem
1361 1595 1397 1654 de
1413 1595 1567 1653 nobilitate
1587 1601 1640 1652 tua
1663 1595 1802 1652 fiduciam
1826 1594 1900 1650 habe·

216 1683 321 1756 quium
343 1682 536 1756 denegamus,
560 1697 622 1736 non
646 1695 682 1736 ex
707 1679 916 1738 malevolentia
938 1686 1040 1738 nostra
1055 1705 1081 1771 B
1095 1701 1207 1754 remus,
1223 1701 1304 1742 nunc
1327 1691 1427 1742 manen
1450 1685 1642 1758 prudentiam
1666 1691 1750 1742 tuam
1777 1685 1901 1755 inopere

215 1771 367 1846 procedit;
382 1769 434 1828 sed
448 1785 516 1827 cum
531 1768 603 1826 olim
622 1770 951 1842 prmterauctoritatem
966 1786 1040 1842 apo·
1095 1773 1338 1832 manifestissime
1363 1790 1466 1832 sumus
1491 1775 1615 1847 experti,
1644 1791 1713 1847 quas
1737 1773 1807 1829 talia
1825 1789 1903 1844 nuper

216 1861 330 1919 stolicae
351 1859 442 1929 sedis,
459 1857 496 1916 ad
512 1875 602 1932 quam
616 1857 778 1928 cessiones,
794 1858 995 1932 depositiones
1011 1864 1040 1916 et
1093 1880 1147 1936 per
1162 1863 1213 1920 llei
1229 1864 1353 1938 gratiam
1367 1863 1546 1936 procuravit,
1558 1879 1594 1918 ex
1608 1863 1720 1935 quibus
1735 1861 1828 1919 bonor
1840 1862 1901 1930 regis

216 1949 430 2008 translationes
445 1949 652 2021 episcoporum
669 1952 802 2020 spectare
816 1949 1040 2018 noscuntur,ad
1095 1956 1126 2009 et
1145 1957 1249 2009 noster
1271 1968 1305 2010 ac
1329 1954 1412 2027 regui
1434 1952 1569 2009 defensio
1593 1951 1633 2008 od
1658 1957 1744 2008 tuum
1767 1949 1901 2023 magnifiee

217 2037 407 2111 llerbipolen.
423 2036 782 2095 Ecclesiamabllcclesia
799 2039 1041 2112 presumpsisses
1095 2042 1250 2114 proveniet
1273 2043 1504 2098 incrementum.
1528 2043 1708 2113 Accepimus
1733 2040 1900 2110 enimetpro
1943 2081 1944 2100 ,

216 2127 418 2186 llildesemen.
433 2126 572 2196 transire,
588 2126 820 2200 archiepiscopis
842 2132 872 2184 et
894 2127 1042 2201 episcopis
1096 2135 1176 2186 certo
1196 2135 1332 2186 tenemus
1346 2129 1427 2202 quod
1449 2127 1648 2199 Dvibuldum,
1676 2128 1822 2186 occultum
1836 2128 1898 2182 enin

218 2215 403 2274 Alamannia
418 2231 452 2272 ae
465 2214 519 2270 tibi
534 2214 591 2288 ipsi
605 2213 643 2288 (si
657 2221 757 2273 mmen
772 2214 853 2272 adte
868 2216 974 2273 litterae
988 2233 1042 2272 no·
1096 2236 1178 2276 nunc
1201 2223 1301 2276 autem
1324 2219 1516 2276 manifestum
1541 2223 1765 2290 persecutorem
1790 2216 1859 2288 regis
1879 2221 1900 2268 et
1943 2217 1944 2226 ¹

107 2352 112 2362 .
218 2310 287 2364 sirm
303 2303 512 2378 pervenerunt)
528 2308 632 2360 ettam
658 2303 847 2378 llerbipolen.
864 2321 955 2377 quarn
976 2305 1041 2361 llil·
1097 2309 1191 2380 regni,
1207 2325 1267 2364 non
1291 2309 1476 2382 sinemagna
1498 2307 1682 2364 discretione
1705 2324 1739 2364 ac
1764 2304 1900 2378 prudentia

219 2392 505 2467 desemen.capitulo
520 2397 625 2450 contra
640 2397 668 2448 te
683 2392 798 2450 litteras
813 2393 981 2450 curavimus
996 2394 1045 2450 de·
1098 2402 1216 2471 captum
1240 2397 1366 2455 vinculis
1385 2395 1546 2465 tradidisti,
1563 2397 1613 2470 qui
1641 2398 1794 2470 potentior
1812 2399 1866 2450 erat
1878 2393 1899 2446 in

221 2483 353 2552 stinare;
369 2498 443 2556 quas
465 2480 586 2538 eumad
609 2498 659 2538 eos
682 2480 720 2538 ad
740 2499 815 2555 quos
836 2482 1043 2551 mittebantur,
1098 2503 1189 2561 regno
1204 2502 1294 2558 quam
1320 2486 1528 2543 llarcovaldus
1543 2486 1595 2543 Dei
1618 2490 1649 2542 et
1663 2486 1800 2542 Ecclesia
1818 2481 1900 2538 inimi·

221 2573 298 2630 sicut
322 2589 358 2628 ex
377 2571 524 2628 relatione
547 2587 702 2628 cursomm
731 2576 902 2629 nostrorum
929 2573 1047 2646 accepi·
1100 2593 1163 2646 cus,
1179 2576 1239 2632 imo
1255 2575 1346 2632 etiam
1368 2576 1433 2632 sine
1453 2575 1538 2648 cujus
1552 2574 1652 2632 lavore
1672 2574 1769 2631 dictus
1783 2575 1845 2628 liar.
1859 2587 1899 2625 nec

221 2678 298 2731 mus,
314 2661 486 2719 noverimus
508 2660 689 2735 pervenisse,
706 2659 742 2716 ab
757 2660 830 2734 ipsis
851 2662 938 2735 Juxta
957 2666 1044 2718 teno-
1099 2666 1266 2738 ingressum
1288 2681 1344 2721 nec
1366 2680 1556 2737 progressum
1578 2665 1610 2721 in
1632 2680 1758 2737 regnum
1778 2662 1899 2732 aliquate-

220 2768 285 2808 rem
311 2751 443 2824 ipsarum
467 2749 499 2806 in
525 2755 554 2806 te
575 2749 725 2807 credimus
745 2749 837 2808 inisse
861 2765 1044 2823 processum.
1100 2771 1157 2810 nus
1171 2753 1414 2811 habuissetcum
1429 2754 1519 2827 igitur
1533 2757 1562 2810 te
1576 2759 1607 2810 et
1620 2754 1822 2828 posteritatem
1835 2757 1898 2805 tuan

221 2841 297 2897 Sane
312 2856 373 2896 non
387 2843 452 2896 eret
471 2837 560 2894 nobis
575 2842 671 2894 tutum
685 2838 716 2895 in
741 2838 797 2896 hoc
816 2839 942 2896 articulo
959 2839 1046 2896 dissi·
1100 2847 1270 2900 secuturam
1283 2843 1314 2898 in
1328 2843 1385 2899 hoc
1395 2844 1538 2899 Dominus
1546 2839 1897 2916 praevideritexaltandant,

220 2928 336 2986 molare
351 2926 520 3000 apostolicas
542 2925 621 2984 sedis
644 2928 785 3000 injuriam
806 2934 858 2985 aut
880 2929 1047 3002 privilegio·
1101 2932 1287 2988 nobilitatem
1303 2937 1384 2988 tuam
1398 2948 1547 3006 rogamus,
1563 2947 1723 2989 monemus
1742 2935 1771 2987 et
1784 2928 1899 2984 exhorta·

222 3032 290 3074 rum
304 3020 474 3072 nostrorum
497 3015 705 3087 equanimiter
728 3017 876 3074 sustinere
885 3017 1046 3090 jacturam,
1102 3035 1169 3076 mar
1184 3020 1215 3076 in
1228 3020 1365 3088 Domino,
1383 3025 1412 3076 et
1433 3020 1487 3076 sub
1502 3019 1626 3076 obtentu
1649 3020 1751 3095 gratia
1765 3021 1862 3074 nostres
1874 3028 1899 3067 ac

222 3121 260 3170 ue
272 3103 469 3161 dissimulatio
479 3103 511 3160 in
521 3103 766 3176 approbationem
777 3105 1000 3162 ettaciturnitas
1015 3107 1046 3164 in
1101 3109 1274 3180 debitoque
1300 3108 1474 3165 charissimo
1490 3109 1522 3164 in
1545 3109 1664 3166 Christo
1691 3107 1752 3166 illio
1774 3110 1863 3162 nostro
1876 3102 1898 3156 F.

131 3203 135 3210 '
225 3209 406 3253 consensum
419 3197 522 3266 posset
535 3192 572 3250 ab
587 3193 738 3267 aliquibus
750 3193 968 3268 allegarillnde
983 3211 1048 3252 ma·
1101 3197 1211 3253 illustri
1225 3197 1287 3271 regi
1310 3195 1416 3253 Siciliae
1439 3197 1561 3266 teneris,
1576 3196 1712 3254 districte
1735 3191 1897 3268 precipimus

227 3283 338 3342 luimus
363 3283 395 3340 in
410 3287 449 3352 te,
465 3281 536 3339 licet
560 3281 633 3340 olim
656 3281 799 3339 dilectum
821 3281 918 3355 nobis,
933 3299 1002 3341 cum
1016 3285 1047 3340 in
1103 3291 1249 3359 quatenus
1272 3285 1351 3343 iacta
1378 3286 1431 3342 tibi
1454 3303 1471 3342 a
1494 3286 1620 3344 Domino
1647 3287 1741 3360 gratia
1762 3279 1898 3357 prudenter

227 3372 338 3432 minori
353 3387 485 3429 essemus
509 3371 607 3428 olilcio
632 3371 796 3443 constituti,
811 3372 942 3446 aliquam
963 3390 1048 3430 exer·
1103 3375 1196 3433 uteris
1211 3391 1266 3432 nec
1288 3375 1340 3432 des
1364 3375 1509 3432 honorem
1531 3381 1614 3432 tuum
1641 3376 1705 3445 aiii,
1719 3390 1772 3430 nec
1795 3367 1897 3444 glorian

227 3478 295 3526 cere
309 3461 586 3534 vindictamquem
601 3461 765 3534 impunitus
786 3479 925 3520 excessus
949 3463 1050 3520 trahe·
1104 3469 1185 3522 tuam
1199 3464 1358 3538 participes
1373 3465 1490 3522 alienis.
1506 3467 1563 3522 Nos
1579 3464 1661 3522 enim
1677 3471 1736 3522 tam
1754 3455 1899 3518 inhonori·
1943 3471 1944 3526 ι

224 3559 308 3612 retur
321 3569 339 3610 a
353 3552 480 3626 posteris
494 3553 525 3608 in
538 3552 861 3626 exemplumlliramur
874 3557 973 3611 autem
988 3570 1049 3610 non
1103 3555 1159 3611 bus
1175 3570 1263 3627 quam
1279 3559 1359 3611 terra
1371 3559 1400 3610 et
1413 3554 1481 3610 aliis
1501 3570 1567 3625 quae
1582 3570 1600 3610 a
1614 3555 1703 3612 nobis
1717 3549 1829 3608 duxeris
1841 3559 1898 3617 pos·

224 3641 378 3702 modicum
392 3646 423 3698 et
435 3657 496 3698 non
512 3641 577 3699 sine
590 3642 706 3700 rabone
721 3658 874 3699 movemur
888 3643 967 3716 quod
978 3659 1050 3700 con·
1104 3643 1237 3712 tulanda,
1253 3643 1418 3701 nobilitatis
1433 3648 1491 3698 tuae
1506 3642 1775 3716 potentiam‚dante
1787 3634 1898 3694 nomino.

223 3737 270 3791 tra
294 3748 350 3790 nos
374 3746 466 3788 ausus
481 3747 513 3788 es
537 3746 649 3804 ponere
665 3747 699 3788 os
721 3731 752 3788 in
776 3732 895 3801 coelum,
911 3748 1050 3790 asserens
1105 3731 1276 3789 curabimus
1291 3731 1425 3789 dilatare.
1442 3733 1483 3788 Tu
1497 3748 1576 3802 vero,
1593 3733 1671 3789 sicut
1696 3733 1810 3788 charam
1829 3722 1900 3780 habes

225 3819 305 3894 quod
320 3823 466 3877 contrata
489 3835 545 3875 nec
567 3820 690 3876 citatum
715 3835 770 3877 nec
795 3820 963 3876 convictum
989 3836 1050 3877 non
1104 3821 1229 3895 gratiam
1242 3825 1374 3877 nostram
1391 3826 1421 3876 et
1440 3819 1529 3894 regis,
1544 3825 1744 3878 memoratum
1758 3819 1790 3873 D.
1803 3819 1830 3870 et
1842 3809 1899 3867 alios
1943 3889 1944 3900 ρ

222 3910 321 3966 fuerat
335 3908 485 3966 sententia
499 3907 685 3980 proferenda.
702 3906 759 3964 Sed
774 3925 842 3966 ecce
857 3909 888 3966 in
903 3925 962 3982 quo
977 3910 1050 3965 ulte·
1105 3925 1260 3982 quoscum
1275 3909 1339 3981 ipso
1355 3909 1533 3982 cepisti,tam
1549 3915 1646 3980 caute,
1656 3915 1716 3967 tam
1729 3899 1901 3978 diligenter‚et

224 4013 292 4055 ram
303 3997 422 4070 judicas
442 3996 582 4068 teipsum
602 3996 793 4067 condemnas,
811 4013 877 4054 eum
892 4004 976 4055 tuum
989 4015 1050 4055 non
1105 4003 1185 4056 arcte
1197 3999 1289 4054 iacias
1304 3997 1542 4070 custodiri,quod
1556 4012 1611 4055 neo
1625 3999 1727 4074 lugere
1742 3993 1845 4069 possint
1858 3999 1899 4041 nec

224 4086 317 4142 luerit
329 4085 366 4142 de
381 4085 530 4157 superiori
544 4085 817 4159 temerejudicare,
831 4092 860 4143 et
874 4086 906 4142 in
921 4103 955 4144 eo
971 4087 1050 4159 quod
1105 4087 1320 4144 circumvenire
1348 4085 1466 4144 valeant
1494 4091 1551 4142 tuus
1589 4087 1766 4144 industriam
1792 4075 1900 4154 probita-
1943 4083 1944 4162 ρ

226 4177 258 4232 in
274 4173 496 4233 excusationem
519 4178 611 4244 tuam,
627 4175 687 4230 imo
710 4175 809 4246 potius
830 4176 1049 4232 accusationem
1105 4177 1153 4233 tis.
1170 4177 1227 4231 Nec
1243 4179 1271 4230 te
1286 4173 1469 4231 llarcovaldi
1490 4179 1678 4232 autsuorum
1693 4169 1900 4231 minaedeterre·
1943 4179 1944 4238 ι

226 4271 359 4324 nostram
374 4265 495 4338 allegas,
512 4266 633 4320 tertium
649 4264 818 4322 membrum
833 4267 1050 4337 omiseris,cum
1106 4270 1226 4322 antnec
1248 4280 1352 4336 preces
1367 4262 1556 4319 demulceant
1581 4251 1900 4346 necmunerasranatll
1943 4241 1944 4266 ¹

226 4355 258 4412 in
285 4354 453 4413 manifestis
481 4369 542 4410 non
569 4354 609 4410 sit
636 4353 708 4411 ordo
738 4354 916 4428 judiciarius
949 4358 1049 4429 requi·
1105 4371 1160 4410 nec
1175 4352 1390 4425 promissiones
1401 4352 1736 4426 emolliunt,aliquorum
1748 4345 1899 4422 jnramenus

225 4444 347 4500 rendus.
362 4445 470 4500 Verum
494 4447 595 4503 utrum
621 4459 759 4500 excessus
781 4449 850 4502 tuus
872 4444 963 4501 luerit
981 4463 1046 4502 ma·
1063 4441 1090 4508 D
1105 4449 1157 4502 ant
1170 4441 1399 4516 obligationibus
1411 4441 1637 4514 quibuscunque
1653 4442 1771 4499 omnino
1785 4449 1838 4491 non
1850 4441 1899 4484 ott·

225 4532 351 4590 niiestus
366 4532 557 4590 conscientia
573 4536 631 4588 tum
657 4531 856 4606 relinquimus
878 4535 1051 4591 discernen-
1105 4530 1287 4600 dens‚donec
1302 4531 1338 4586 de
1354 4530 1591 4604 terris,personis
1607 4537 1637 4588 et
1648 4531 1736 4588 rebus
1751 4527 1788 4582 ite
1800 4513 1897 4596 provide

225 4620 307 4688 dum,
324 4637 392 4678 cum
407 4637 468 4676 non
491 4621 622 4693 potuerit
636 4638 702 4678 esse
725 4623 875 4679 occultum
896 4624 974 4695 quod
991 4629 1050 4680 tam
1104 4639 1172 4678 cum
1188 4623 1289 4676 nostro
1305 4619 1430 4676 consilio
1444 4619 1630 4691 disponatur,
1646 4626 1679 4675 ut
1691 4636 1743 4692 per
1762 4615 1814 4670 hoc
1827 4612 1851 4663 et
1862 4618 1897 4657 tt·

225 4708 343 4782 publice
366 4709 478 4766 lactum
492 4707 550 4764 luit
572 4714 602 4765 et
622 4727 676 4783 per
696 4715 787 4768 totam
807 4713 981 4770 lantoniam
995 4731 1051 4786 pu-
1104 4711 1148 4784 gis
1163 4710 1257 4765 honos
1272 4712 1302 4764 et
1314 4709 1397 4782 regui
1423 4708 1623 4780 tranquillitas
1637 4714 1666 4764 et
1687 4715 1752 4764 tuus
1773 4697 1897 4776 protectus

226 4798 381 4856 blicatum.
396 4799 439 4854 l'u
454 4798 545 4854 etiam
559 4799 713 4856 consessus
727 4800 836 4858 videris
856 4801 892 4858 de
912 4803 1049 4871 crimine,
1105 4815 1226 4872 pennos
1241 4798 1397 4871 magnifice
1412 4801 1597 4870 procuretur:
1607 4815 1660 4870 pro
1675 4801 1752 4854 certo
1768 4781 1897 4847 confidins

227 4905 295 4945 cum
310 4887 341 4942 in
356 4887 464 4942 litteris
479 4886 517 4942 ad
531 4901 587 4943 nos
608 4887 739 4957 directis,
757 4905 831 4964 quas
854 4891 951 4948 adhuc
971 4891 1050 4964 apud
1105 4887 1185 4961 quod
1199 4905 1254 4944 nos
1268 4886 1347 4942 ultra
1371 4885 1447 4941 lorte
1463 4901 1551 4957 quam
1565 4886 1668 4944 credas
1690 4891 1768 4941 tuum
1781 4881 1897 4950 procura·

226 4978 328 5035 nosin
352 4975 556 5032 testimenium
580 4993 775 5046 reservamus,
806 4978 995 5052 llerbipolen.
1021 4986 1049 5036 te
1104 4977 1204 5035 bimus
1219 4977 1447 5032 incrementum.
1464 4975 1609 5040 Quoniam
1625 4977 1660 5045 si,
1674 4971 1750 5050 quod
1764 4958 1896 5024 absitlse·

224 5065 452 5144 presumpseris
476 5065 648 5138 episcopum
670 5066 831 5140 appellare.
847 5070 905 5124 Nec
929 5069 1049 5126 credere
1104 5065 1165 5122 mel
1179 5070 1245 5122 tuas
1268 5081 1374 5122 manus
1401 5062 1548 5132 evaderet,
1562 5065 1593 5119 in
1619 5069 1646 5120 te
1662 5080 1694 5120 ae
1711 5067 1813 5117 terram
1833 5053 1895 5102 tuan

224 5157 261 5213 de
274 5153 356 5212 facili
382 5152 539 5210 debuisses
560 5153 639 5225 quod
662 5155 693 5210 in
710 5156 811 5212 odium
835 5159 919 5212 tuum
944 5161 995 5213 aut
1018 5157 1049 5212 in
1105 5159 1247 5228 perpetuo
1263 5153 1427 5210 desaeviret.
1446 5152 1586 5208 Volumus
1599 5158 1697 5211 autem
1721 5153 1752 5204 ut
1765 5133 1895 5214 superios·

225 5243 434 5302 exaltationem
449 5241 615 5315 alicujuset
627 5243 850 5317 depressionem
861 5243 985 5300 alterius
995 5244 1051 5300 du·
1104 5244 1190 5300 nobis
1202 5241 1362 5299 consilium
1388 5245 1470 5296 tuum
1495 5240 1614 5312 plenius
1630 5247 1659 5298 et
1678 5237 1844 5295 voluntatem
1857 5232 1895 5310 tt·

224 5333 323 5390 ximus
338 5331 573 5405 procedendum,
589 5349 657 5388 cum
681 5337 710 5388 te
736 5332 929 5388 dilexerimus
953 5332 1051 5390 hacte-
1104 5348 1218 5404 ponas;
1234 5338 1276 5399 ut,
1293 5329 1410 5403 cognita
1425 5329 1591 5386 intentione
1608 5347 1696 5402 quam
1711 5323 1804 5384 habes,
1819 5321 1894 5385 l⁰⁵⁵¹'

226 5435 283 5476 nus
298 5425 327 5476 et
340 5420 437 5477 adhuc
452 5420 542 5476 etiam
557 5419 628 5492 (nisi
641 5419 743 5477 forsan
758 5425 790 5477 tu
814 5420 877 5492 ipse
891 5419 1049 5493 impedias)
1104 5438 1171 5478 mus
1186 5419 1354 5493 expressius
1368 5417 1560 5490 respondere.
1943 5431 1944 5434 ’

260 5550 333 5624 (266)
348 5552 419 5609 Vide
434 5569 525 5625 supra
535 5551 621 5624 epist.
638 5553 700 5608 334.
