3918 6014
4 239 11 396 Ι
69 305 167 350 maan
751 289 871 348 GESTA.
892 319 928 332 -
947 289 1007 350 ΔΝ.
1029 292 1109 348 1200.
1678 311 1781 352 cmm

4 417 6 514 i
68 448 137 514 stris,
153 451 184 502 et
200 445 465 504 cruciscuttoribns
479 445 720 503 restituecrucem
731 449 821 502 tuam.
838 444 896 502 Vos
910 449 937 511 Α
951 445 1037 516 leqats‘
1050 446 1141 504 nostri
1154 447 1230 504 uobis
1243 448 1403 518 exhibeant,
1418 449 1452 507 de
1465 465 1546 507 mora
1559 449 1683 522 ipsorum
1701 453 1780 507 tests·

4 523 5 546 ³
67 541 173 606 summ,
190 536 270 606 quod
288 550 338 606 pro
353 535 454 606 majori
468 539 549 607 purte
559 533 898 604 didicimosctdolemus,
952 536 1077 591 manium
1090 537 1278 608 perhibentes.
1295 537 1331 594 Ut
1345 546 1440 596 autem
1454 539 1623 596 mandatum
1646 539 1782 612 apostoli·

69 623 210 694 posecnti,
231 631 262 681 et
281 625 442 696 reposcenti
468 625 573 695 sepius
591 625 660 696 (65),
687 640 740 682 uec
763 623 899 696 poculum
954 637 1021 680 cum
1050 623 1162 682 lucilius
1188 633 1215 683 et
1238 627 1341 684 melius
1364 629 1551 701 compleatur,
1577 644 1628 700 per
1655 627 1784 701 singulas

67 729 142 784 sque
169 713 289 784 trigldm
312 713 498 780 ministratis;
514 713 554 770 ita
577 721 609 769 ut
629 721 728 770 contra
743 729 793 770 voe
805 714 901 784 janna
955 714 1125 783 provincias,
1141 715 1171 770 in
1185 715 1403 788 metropolitano
1426 715 1550 788 ecolmia,
1566 718 1620 784 uel,
1635 717 1661 774 si
1674 719 1723 774 hoc
1742 717 1784 773 ibi

69 803 158 873 laicis,
175 818 254 874 quos
268 803 413 860 interdum
431 803 466 859 ad
490 803 587 860 crucis
602 801 770 874 obsequium
794 801 899 868 verbis,
954 802 1020 873 heri
1032 813 1148 876 propter
1170 804 1360 876 hostilitatem,
1375 804 1422 862 uel
1437 805 1520 862 aliud
1540 805 1652 862 euidens
1667 806 1783 878 impedi·

68 985 112 1034 tur
127 997 135 1034 :
150 980 382 1051 Altiqantouera
396 982 493 1050 procia
508 979 633 1036 humeris
647 978 902 1050 subditorumque
956 983 1008 1038 cieo
1019 983 1081 1038 siue
1104 982 1240 1040 dilatione
1264 984 1414 1042 conuenire
1436 984 1551 1053 curetis,
1577 992 1603 1042 et
1627 985 1703 1042 inter
1724 1001 1781 1057 uos,

68 1085 176 1124 maome
201 1067 293 1136 dioilo
316 1069 401 1123 eliam
425 1067 523 1124 notant
547 1066 603 1138 ipsi
626 1064 736 1136 (ltalth.
759 1081 841 1136 xxus,
862 1065 901 1136 h).
952 1071 1165 1143 juatasormam
1179 1073 1324 1146 apostolici
1338 1073 1706 1147 mandoli‚deipsiusters·oe
1720 1074 1784 1130 sub·

67 1159 130 1213 lam
146 1159 372 1228 improperatur·
381 1155 488 1214 sobisa
504 1155 585 1212 laicis
597 1157 671 1226 quod
686 1156 722 1212 de
732 1155 904 1226 patrimonio
955 1160 1083 1216 ventione
1097 1163 1227 1227 tractare,
1239 1171 1276 1228 et,
1287 1164 1347 1233 post
1360 1164 1545 1219 reversionem
1559 1178 1650 1231 suam,
1667 1163 1785 1235 quolibet

67 1249 130 1303 lesu
141 1245 258 1302 Christi
274 1245 412 1302 libentius
427 1245 619 1302 histrionibus
634 1243 793 1302 subvenitis
817 1259 903 1316 quam
955 1252 1078 1304 oestrum
1092 1250 1125 1304 in
1138 1266 1190 1306 suo
1204 1249 1314 1307 dioecesi
1326 1250 1475 1308 concilium
1486 1253 1681 1308 conuocetsiae
1692 1269 1783 1321 moro,

69 1336 194 1405 cbristo,
211 1333 296 1406 plura
311 1334 341 1390 iu
357 1334 478 1392 canibus
495 1339 522 1391 et
541 1334 642 1392 auibus
661 1333 817 1404 pascendis
832 1347 902 1391 con·
957 1337 1121 1395 auctoritate
1134 1347 1229 1396 nostro
1246 1341 1313 1412 iub),
1328 1339 1492 1413 precipiens
1507 1338 1649 1397 abbatibus
1665 1346 1691 1397 et
1705 1340 1784 1410 prio-

70 1425 195 1492 somitis,
222 1439 310 1495 quam
330 1421 421 1479 setim
448 1423 478 1480 in
503 1422 564 1494 cJ'us
589 1423 750 1480 subsidium
775 1438 903 1494 erogare,
957 1425 1045 1498 ribus,
1061 1435 1116 1483 tam
1131 1429 1359 1502 coemptisquam
1378 1429 1460 1497 aliis,
1476 1429 1680 1486 arelsidiaconis
1694 1438 1722 1486 et
1735 1429 1783 1486 de·

71 1514 134 1569 iacti
151 1512 269 1584 prodigi
279 1510 355 1583 aliis,
366 1511 437 1583 ipsis
447 1511 602 1582 parci,sel,
618 1519 648 1568 ul
658 1511 751 1568 serius
761 1511 903 1578 dicamus,
957 1513 1044 1582 canis
1060 1526 1088 1571 et
1102 1517 1241 1574 universis
1264 1519 1377 1575 omnino
1398 1518 1520 1587 clericis,
1543 1518 1575 1574 in
1597 1535 1650 1576 sua
1672 1519 1785 1577 dissuesi

70 1602 154 1658 asad.
173 1601 262 1670 Eece,
278 1599 420 1672 quomodo
436 1599 577 1656 tribuistis
591 1600 617 1658 ei
632 1615 682 1671 pro
698 1599 832 1657 omnibus
842 1614 904 1668 quse
957 1606 1122 1676 constitutis,
1141 1614 1173 1662 ut
1190 1606 1279 1678 jacta
1294 1623 1388 1664 ueram
1403 1607 1624 1680 aestimationem,
1637 1617 1784 1681 prouentus
1827 1595 1829 1603 ¹

71 1687 279 1761 retribuitipsc
293 1687 398 1746 vobis‘l
422 1689 494 1745 iicce
520 1688 663 1762 quomodo
685 1689 788 1745 amatis
812 1686 903 1744 eum‘l
958 1700 985 1749 et
996 1689 1117 1748 redditus
1131 1710 1194 1750 suos
1209 1703 1313 1764 munst,
1329 1699 1364 1767 et,
1382 1697 1456 1768 intra
1475 1705 1530 1754 tres
1544 1713 1649 1754 memes
1662 1706 1722 1770 post
1736 1699 1782 1768 po-

73 1779 141 1835 lluce
166 1777 294 1850 qualiter
318 1775 523 1848 multiplicibus
538 1778 600 1848 eius
625 1776 771 1836 beneficiis
786 1792 903 1849 respon·
958 1784 1029 1836 ctam
1044 1783 1085 1838 eis
1099 1780 1346 1852 denuntiationem,
1357 1785 1598 1857 quadrupesimom
1609 1795 1720 1858 portem
1734 1803 1783 1842 aa·
1805 1857 1808 1860 Ι

71 1869 140 1923 detis
153 1869 166 1922 Ρ
180 1867 230 1922 Sic
257 1865 416 1923 euidentius
439 1867 621 1924 ostendentes
644 1867 767 1938 qualiter
790 1865 903 1922 animas
957 1871 1024 1926 loris
1036 1886 1144 1938 eorum,
1159 1872 1209 1928 sub
1226 1875 1313 1946 ipsius
1325 1876 1447 1947 episcopi
1469 1875 1625 1931 testimonio
1638 1884 1666 1931 et
1680 1875 1787 1948 aliquot

73 1973 119 2026 pro
132 1955 242 2012 ovibus
257 1955 411 2026 poneretis,
427 1955 473 2026 qui
489 1970 543 2012 nec
556 1957 643 2012 etiam
658 1955 903 2028 quadragesimam
957 1959 1149 2032 reliqiosorssm
1163 1963 1301 2030 uirorum,
1322 1961 1455 2018 adhibitis
1469 1964 1656 2020 nihilominus
1667 1964 1704 2020 ad
1719 1980 1783 2022 oau-

75 2053 184 2114 psrtem
206 2042 372 2100 reddituum
399 2048 556 2101 uestrorum
581 2062 631 2116 pro
657 2045 730 2116 ipso,
753 2046 811 2102 imo
837 2043 902 2116 ipsi,
956 2049 1040 2105 telam
1061 2047 1205 2121 aliquibus
1224 2049 1304 2106 taiois
1318 2051 1443 2122 fidelibus
1456 2056 1482 2108 sl
1495 2053 1630 2125 discretis,
1646 2055 1678 2110 iss
1692 2054 1784 2112 lecum

75 2133 216 2190 melenus
238 2132 408 2202 impendero
420 2130 575 2202 noluistis;
591 2149 656 2190 num
669 2135 763 2205 plures
778 2142 904 2192 vestrum
957 2137 1091 2193 idoneum
1105 2137 1225 2209 ejusdem
1239 2137 1381 2196 diocesem
1394 2155 1449 2196 aaa
1459 2138 1593 2214 differant
1609 2143 1784 2213 coasiqaare.

75 2239 130 2278 nou
142 2222 244 2278 scium
256 2221 511 2292 quadragesimam,
524 2224 607 2293 juxta
622 2225 748 2280 mandati
762 2226 852 2282 nostri
863 2235 904 2284 te·
957 2225 997 2282 Ab
1011 2224 1063 2280 hoo
1076 2235 1168 2283 autem
1181 2228 1364 2297 amantium
1381 2228 1646 2287 drandimoatenses
1667 2233 1694 2286 et
1714 2229 1785 2287 dar-

75 2326 185 2377 norem,
204 2311 256 2366 sed
272 2308 455 2375 tricesimam,
472 2309 554 2379 juxta
577 2311 798 2382 promissionem
822 2329 904 2370 suam
959 2312 1113 2370 thalienses
1125 2313 1266 2384 eremitas,
1282 2317 1430 2374 moechos
1442 2317 1639 2375 Cistercienses
1654 2323 1680 2376 et
1698 2333 1786 2375 eano-

74 2401 175 2456 tectam
188 2399 218 2454 in
230 2397 398 2455 Dirianeusi
406 2398 540 2468 concilio,
555 2400 586 2456 in
598 2401 745 2472 tempium
757 2417 905 2472 opusoon-
959 2403 1034 2458 nicos
1047 2404 1321 2462 Proensonstratenses
1333 2405 1498 2479 excipimus,
1513 2406 1613 2479 quibus
1621 2409 1789 2464 mandatum

74 2495 182 2544 sertore
203 2493 379 2544 miserentur.
406 2487 557 2544 Monemus
581 2487 667 2560 igitur
692 2492 904 2548 universitatem
960 2507 1043 2565 super
1056 2492 1107 2548 hoo
1122 2494 1297 2566 injunqimas
1310 2494 1442 2566 speciale.
1457 2495 1497 2551 Ad
1519 2496 1587 2566 lsoec,
1613 2498 1645 2552 iu
1667 2495 1790 2569 siaqalis

74 2587 211 2642 rostram,
225 2583 255 2632 et
268 2574 454 2632 exhortamur
468 2576 497 2632 in
514 2576 646 2644 Domino,
672 2586 700 2635 st
722 2595 772 2649 pcr
791 2585 905 2650 sposto—
960 2581 1080 2636 emlesiis
1095 2587 1224 2637 truncum
1237 2597 1384 2638 concavum
1402 2582 1471 2655 poni
1491 2585 1677 2656 praecipimus,
1701 2582 1789 2640 tritus

75 2665 128 2722 lica
142 2665 229 2722 robis
243 2665 349 2736 scripta
371 2666 552 2736 mandamus,
568 2673 594 2723 et
609 2673 736 2739 exparte
750 2668 800 2725 uos·
813 2670 907 2726 omni·
961 2668 1085 2725 clunibus
1108 2671 1313 2740 oonsiqnotam,
1337 2672 1431 2742 prima
1453 2687 1538 2744 penes
1562 2673 1727 2743 episcopum,
1743 2686 1786 2727 se·

72 2757 204 2824 patentis,
225 2756 255 2811 in
273 2753 610 2828 uirtuteSpiritussaacli,
618 2757 668 2814 sul
677 2757 907 2816 interminatione
962 2757 1052 2814 cando
1069 2774 1153 2828 penes
1167 2756 1290 2816 ccclesia
1300 2759 1479 2828 sacerdotem,
1493 2762 1578 2817 tertia
1590 2778 1641 2834 per
1664 2759 1788 2834 aliqssem

73 2845 164 2901 diuini
186 2842 295 2916 judieii
315 2843 440 2900 districte
461 2847 649 2918 precipimus,
673 2852 807 2918 quatenus
827 2848 908 2919 juxta
962 2846 1126 2918 reliqiosum
1151 2848 1265 2916 laicum,
1287 2849 1501 2917 conservandum
1518 2854 1548 2907 ut
1567 2853 1594 2906 el
1607 2852 1637 2906 ia
1651 2867 1682 2907 eo
1696 2849 1789 2922 fideles

78 2935 210 3004 priorum
228 2939 390 2989 nostrarum
406 2932 562 2990 litterarum
580 2942 719 3004 tenorem,
735 2952 795 3007 vos,
805 2943 834 2993 ei
844 2939 908 2993 uoi-
963 2935 1089 3007 quilibet,
1096 2936 1180 3007 puoso
1195 2936 1265 3010 quod
1281 2939 1411 2993 dominus
1433 2953 1530 2994 earum
1543 2939 1682 2994 messlibus
1695 2937 1789 3010 inspi-

77 3025 149 3080 sersi
176 3021 281 3078 clerici
301 3021 496 3091 jurisdictioni
525 3031 624 3079 vestrm
653 3024 784 3096 subjecti,
812 3026 910 3084 saltem
965 3027 1080 3098 raverit,
1104 3041 1169 3082 suas
1194 3027 1379 3099 eleemosynas
1394 3027 1528 3084 tirmilato
1542 3028 1601 3100 (bs)
1616 3034 1719 3085 statute
1742 3027 1790 3084 de·

77 3111 329 3184 quadrupesirnam
338 3112 833 3182 partemomaiumecclesiastieorum
846 3117 911 3172 red·
963 3130 1066 3187 ponere
1081 3114 1312 3172 inremissionem
1328 3131 1441 3172 suorum
1455 3119 1644 3189 peccaminum
1658 3133 1791 3174 monean-

75 3202 187 3257 ditaum
199 3181 948 3274 etprouesslssumuestrorumprlustamemsleducls'sC
967 3212 1024 3271 tur,
1050 3213 1078 3260 et
1104 3205 1134 3260 irs
1158 3205 1284 3260 omnibus
1307 3203 1442 3276 ecclesiis,
1466 3205 1550 3262 semel
1569 3208 1599 3263 in
1614 3205 1791 3277 hebdomada,

77 3287 790 3362 amris,qaarumsolutiouitariuonpassit,interrm
807 3304 912 3352 sanctae
963 3311 1014 3368 pro
1028 3295 1189 3351 remissione
1199 3301 1383 3367 peecatorum,
1398 3307 1425 3352 et
1438 3296 1595 3366 presertim
1605 3297 1793 3368 apperentium,

76 3378 239 3435 subsidium
251 3377 430 3447 cauteriatis,
442 3378 580 3435 iacientes
591 3395 649 3448 sos,
660 3380 760 3436 iratres
771 3382 911 3455 archiepi·
965 3393 1042 3442 certa
1055 3383 1111 3451 die,
1127 3401 1210 3456 quom
1225 3393 1317 3440 tamen
1338 3385 1468 3441 scandas
1491 3386 1661 3458 pronuntiet
1681 3386 1792 3458 popula,

77 3470 155 3541 scapi
172 3475 202 3526 et
217 3466 357 3538 episcopi,
369 3467 615 3538 quadragesimum
628 3467 731 3540 ipsam,
742 3487 792 3542 per
804 3478 911 3528 vestras
965 3475 1050 3530 missa
1072 3473 1181 3545 publice
1203 3473 1382 3544 maculosam
1403 3472 1585 3546 singulisque
1606 3474 1706 3530 diebus
1719 3475 1794 3532 iuter

77 3559 219 3614 dioeceses
233 3555 374 3610 instanter
388 3564 516 3612 exactem
530 3564 558 3612 ot
572 3555 721 3614 collectam
738 3559 869 3626 fideliter,
881 3561 911 3618 iu
966 3563 1116 3619 missarum
1131 3563 1281 3628 solemnia,
1297 3564 1378 3628 Deus,
1392 3571 1527 3619 uenerunt
1550 3573 1643 3634 pentes
1658 3565 1689 3618 in
1703 3563 1793 3618 hoere-

78 3653 135 3702 tnto
152 3647 221 3702 loca
237 3644 360 3714 dopuui;
376 3645 411 3700 dc
425 3659 481 3716 qua
494 3645 746 3716 singulivestrum,
760 3648 859 3704 tratres
869 3666 913 3704 nr·
965 3651 1080 3708 ditalem
1094 3660 1174 3708 tuom
1188 3652 1254 3723 (68),
1271 3652 1422 3722 campanis
1437 3651 1630 3722 pulsantibus,
1647 3665 1713 3708 cum
1727 3666 1793 3707 ora·

79 3731 260 3807 ibiepiscopi
284 3739 311 3789 et
341 3733 481 3804 episcopi,
503 3737 661 3806 assumptis
686 3751 783 3793 secum
805 3737 913 3795 duobus
967 3739 1044 3797 tiouc
1069 3745 1205 3796 consueta
1231 3740 1352 3795 dicatur.
1383 3739 1560 3796 concedimus
1588 3742 1681 3796 autem
1705 3739 1792 3809 subu,

77 3822 233 3894 iratribus,
264 3836 320 3877 uua
344 3821 593 3893 Hierosolymilani
618 3824 782 3896 Hospitalis,
807 3831 834 3882 et
855 3829 913 3886 alia
966 3831 1069 3901 [ratres
1083 3829 1281 3901 archiepiscopi
1294 3833 1321 3885 et
1334 3827 1464 3900 episcopi,
1488 3831 1520 3884 ut
1543 3829 1620 3885 circa
1634 3841 1677 3886 ecs
1692 3829 1740 3902 qui
1761 3827 1794 3886 de

80 3912 197 3968 milities
213 3909 332 3980 Templi,
346 3908 382 3965 de
396 3908 517 3967 consilio
533 3911 674 3968 nobilium
690 3915 824 3984 uirorum,
842 3917 913 3973 itat-
969 3919 1044 3976 bonis
1053 3917 1112 3974 suis
1125 3924 1210 3975 terrm
1224 3925 1326 3974 sanctae
1340 3918 1476 3974 voluerint
1485 3916 1641 3984 subuenire,
1650 3916 1684 3973 de
1694 3916 1799 3974 disere·

81 4001 146 4057 tbaei
161 4001 200 4055 de
214 3996 323 4062 Mallio,
338 3999 471 4056 canonici
485 3999 521 4055 de
535 3999 685 4066 Bethania,
698 4009 725 4058 et
740 4001 856 4074 Milonis
879 4008 914 4064 de
968 4017 1057 4063 torum
1072 4006 1199 4063 uirorum
1213 4006 1339 4074 oonsilio,
1359 4005 1495 4078 qualitate
1516 4021 1696 4076 personarum
1710 4011 1738 4062 et
1752 4020 1797 4062 re·

81 4090 231 4154 bremont,
248 4101 281 4142 sc
295 4087 430 4142 Gualterit
446 4087 481 4144 de
497 4088 716 4156 Guidonisrilia,
742 4098 770 4146 ot
792 4092 913 4152 oliorum
968 4112 1032 4152 rum
1045 4095 1176 4167 iaculato
1189 4096 1323 4167 pensatis,
1340 4093 1546 4152 etconsidsralo
1557 4094 1797 4153 nihilominusde·

81 4179 273 4234 discretorum
291 4176 425 4248 uirorum,
439 4176 578 4237 militibus
600 4180 643 4236 uct
657 4181 723 4237 aliis
738 4182 914 4242 bellatoribus
967 4184 1086 4242 vodonis
1101 4184 1215 4258 affectu,
1227 4200 1297 4253 epm
1308 4184 1442 4255 iniuncta
1451 4182 1799 4256 punitentiaecommalare

81 4269 129 4339 qui
141 4267 264 4336 sianum
278 4263 427 4320 bmuinicce
442 4266 533 4322 crucis
546 4275 760 4342 assumpserint,
775 4271 801 4328 si
814 4272 845 4329 in
857 4275 915 4331 suis
967 4276 1080 4347 possitis
1092 4277 1124 4330 in
1137 4289 1205 4346 opus
1219 4273 1397 4346 eleemospnoe
1412 4273 1558 4342 paciendee.
1582 4274 1724 4330 Nouaritis
1748 4288 1798 4329 su·

83 4373 136 4411 non
149 4351 302 4427 pauserint
315 4354 473 4424 sumptibus
487 4359 682 4428 transfretare,
693 4361 915 4432 conqruadeeo·
968 4371 1036 4429 tom,
1053 4379 1105 4420 uos
1120 4361 1332 4420 uenerabilibus
1356 4361 1489 4418 iratribus
1513 4362 1629 4432 uostris,
1646 4361 1798 4418 Parisieusi

83 4443 141 4500 dem
154 4457 270 4498 summa
282 4441 421 4512 stipendio
430 4444 650 4516 subministrent,
661 4447 813 4519 sufficienti
824 4452 858 4507 ab
873 4453 915 4508 eis
969 4460 996 4508 el
1019 4450 1232 4509 Suesssioncnsi
1252 4451 1405 4522 episcopis,
1421 4457 1448 4506 et
1465 4451 1578 4507 dilectis
1593 4449 1660 4506 tiliis
1678 4449 1796 4508 lollium

80 4533 210 4588 cautione
225 4533 341 4601 recepta,
359 4530 429 4603 quod
452 4534 482 4588 ta
506 4532 693 4604 detonsionem
718 4545 800 4594 terra
822 4541 917 4598 orien-
932 4545 956 4614 Ι)
972 4541 1083 4598 Sarueii
1096 4548 1124 4598 ot
1136 4539 1234 4596 Sancti
1247 4539 1371 4596 Victoris
1382 4538 1543 4609 abbatibus,
1568 4554 1620 4610 per
1643 4535 1799 4610 apostolica

82 4623 148 4678 tatis
167 4635 222 4694 per
237 4636 343 4676 annum
360 4621 402 4677 uel
416 4622 548 4694 amplius,
559 4624 643 4696 issula
658 4627 839 4698 quantitatem
853 4635 918 4688 sub·
972 4631 1077 4700 scripta
1092 4629 1219 4685 districts
1242 4627 1433 4698 precipiendo
1457 4629 1616 4696 mandasse,
1635 4635 1665 4683 ut
1677 4642 1725 4684 cos
1749 4625 1798 4696 qui

83 4709 159 4778 rodii,
177 4717 385 4766 eorssmorentar
395 4725 406 4772 ,¹
420 4713 456 4780 et,
471 4711 498 4768 si
511 4711 763 4790 decesserinl,quod
777 4719 873 4776 obsit!
888 4724 918 4777 iss
972 4719 1003 4774 in
1018 4717 1150 4786 concilio,
1166 4734 1183 4774 s
1197 4717 1299 4773 ditsoo
1315 4716 1374 4772 tilio
1389 4719 1483 4780 Petro,
1507 4717 1581 4771 tituli
1607 4714 1702 4771 Sancti
1725 4715 1799 4772 biar-

85 4802 284 4870 rs‘osusaspta,
302 4797 458 4855 subsidium
471 4816 526 4857 noa
537 4803 568 4857 in
582 4801 653 4860 alios
667 4821 731 4862 usus
744 4819 916 4880 conuertunt,
972 4807 1038 4865 celii
1066 4805 1230 4879 presbytero
1254 4803 1412 4874 cardinale,
1437 4809 1507 4860 tunc
1531 4803 1695 4874 apostolicae
1724 4803 1800 4859 sedis

85 4888 130 4944 sed
145 4887 304 4945 restituant
325 4889 419 4959 potius
444 4889 473 4944 in
497 4891 635 4960 stipendio
660 4895 847 4963 bellatorum·
870 4903 918 4972 qui
973 4898 1074 4970 legato,
1090 4897 1165 4968 apud
1181 4895 1330 4952 [livionem
1344 4893 1477 4962 collecto,
1493 4893 1666 4950 tricesimam
1682 4907 1800 4949 suorum

86 4977 182 5042 etiam,
207 4992 273 5032 cum
293 4975 439 5048 redierint,
454 4994 509 5034 non
522 4981 603 5051 prius
621 4983 918 5062 absoluanturoprce-
971 4986 1136 5044 reddituum
1162 4985 1191 5040 in
1216 4989 1299 5040 lurrae
1323 4990 1429 5039 sanctas
1453 4981 1614 5039 subsidium
1642 4978 1800 5038 liberaliter

86 5069 152 5122 ’ΠΜ
166 5063 309 5131 Μϋῑῑθῆθ,
332 5081 416 5138 quam
441 5067 547 5124 litteras
570 5071 653 5139 repis,
675 5075 717 5129 uel
736 5077 916 5147 patriarchae,
972 5075 1173 5147 promiserunt,
1189 5071 1292 5129 saltem
1307 5071 1343 5127 ad
1367 5071 1613 5142 quadragesimam
1629 5069 1798 5142 persoluen-

88 5159 126 5212 ret
140 5155 279 5227 maqistri
293 5154 449 5226 Hospitalis,
465 5157 508 5212 uel
521 5158 628 5215 attissa
643 5161 754 5234 Templi,
769 5164 817 5222 ost
829 5169 917 5224 otiam
972 5166 1050 5235 dam,
1076 5163 1236 5222 monitione
1259 5161 1417 5234 praemissu,
1433 5174 1647 5234 percensuram
1663 5157 1801 5215 ecclesia·
1912 5179 1916 5186 ⁴

120 5331 181 5459 iffi)
193 5330 244 5388 Sic
259 5331 334 5397 apud
350 5331 507 5404 Baluzium,
532 5345 628 5406 reoto3
652 5337 681 5396 in
706 5342 806 5400 codice
828 5343 917 5401 Vulti-
1008 5343 1066 5416 (dit
1080 5341 1232 5410 diuinitate,
1248 5339 1296 5397 Sic
1310 5338 1341 5397 iu
1356 5338 1454 5396 codice
1477 5335 1684 5420 Vallicellan93
1710 5335 1762 5418 sic¹
1772 5341 1801 5392 at

88 5419 119 5460 se
132 5404 210 5474 lano,
226 5403 333 5471 potius.
971 5416 1047 5486 opud
1064 5415 1220 5480 Butuzium,
1236 5413 1295 5484 qui,
1312 5413 1347 5468 ad
1363 5410 1533 5481 marginem,
1548 5412 1627 5465 notat
1648 5423 1679 5466 tu
1700 5408 1800 5465 codice

122 5475 180 5544 teu)
203 5475 317 5531 Nostra.
346 5473 448 5560 Sictiu
471 5480 571 5537 codice
594 5479 801 5552 vallicellanos
824 5485 865 5543 sia
890 5494 918 5544 ei
971 5487 1136 5556 Reciolegi,
1152 5483 1341 5557 fraternitate.
1482 5549 1488 5562 ι
1642 5551 1647 5562 Ι
1774 5550 1779 5562 Ι

89 5545 468 5692 tbtit'tlittittttt
482 5553 654 5625 m⁸'⁸¹¹²⁰¹¹¹’
671 5563 750 5611 ”⁰¹⁸¹
774 5557 805 5614 ¹¹¹
819 5558 918 5616 ⁰⁰⁶³⁰⁰
971 5549 1507 5688 aiibi·*briiiiii'lm‘l‘illnim
1530 5549 1561 5606 ¹¹¹
1576 5551 1684 5614 ‘⁰⁰⁶¹⁰⁶
1706 5548 1796 5608 Μ’·

291 5658 300 5688 ι
471 5659 478 5676 ·
1027 5646 1064 5688 ⁸¹1
1095 5646 1102 5699 i
1137 5646 1153 5700 Ρ
1471 5663 1478 5677 ·
