3956 6056
100 246 104 258 ’
195 251 247 304 tm

691 243 893 304 nvuooaurn
909 242 949 298 111
967 239 1023 295 rr.
1043 237 1279 296 anonsroaun
1298 239 1364 296 na.
1384 241 1407 298 1.
1485 203 1486 208 Ν

1843 256 1902 309 tat

188 373 316 430 dubitari
329 387 389 428 non
400 369 565 442 debetquin
575 370 764 442 omnipotens
773 371 850 428 Deus
859 365 1013 440 spirituale
1027 367 1056 434 Α
1072 363 1161 420 etiam
1176 368 1206 420 et
1216 380 1324 438 urgens
1334 367 1496 426 necessitas
1507 373 1536 426 et
1546 369 1666 428 evidens
1675 373 1789 433 utilitas
1797 377 1903 436 Ande-

190 461 360 538 conjugium
371 458 451 534 quod
466 465 511 516 est
526 459 605 514 inter
619 459 791 531 episcopum
806 463 836 514 et
853 456 1014 514 Ecclesiam

189 569 242 609 suo
258 557 372 608 tantum
384 549 498 622 judicio
508 548 701 606 reservaverit
716 545 949 614 dissolvendum,
965 543 1017 616 qui

188 635 1016 711 dissolutionemcarnalisconjugii,quodestintervirum

189 723 382 798 etiemina'm,
398 743 451 784 suo
467 731 584 784 tantum
595 726 710 800 judicio
725 726 894 794 reservavit,
910 722 1017 796 praeci-

189 821 275 892 piens
289 825 322 874 ut
337 834 411 890 quos
426 818 503 873 Deus
524 815 690 889 conjunxit,
710 816 799 872 bomo
812 831 873 872 nou
889 815 1015 885 separet.

190 906 253 965 lton
269 907 349 964 enim
360 907 491 962 bumana
506 905 559 962 sed
574 905 672 962 divina
687 905 785 977 potius
796 907 941 976 potestate
950 917 1018 958 con·

187 998 304 1072 jugium
322 995 474 1069 spirituale
490 993 670 1064 dissolvitur,
685 1009 752 1050 cum
773 1009 827 1066 per
849 990 1018 1048 translatio·

191 1103 260 1144 nem
270 1085 316 1142 vel
325 1084 541 1157 depositionem
553 1082 704 1138 autetiam
715 1082 880 1138 cessionem
891 1078 1018 1138 auctori·

193 1170 1019 1246 tateRom.pontitlcis,quemconstatessevicarinmiesu

192 1265 310 1332 Christi,
335 1262 491 1335 episcopus
513 1260 550 1316 ab
565 1260 697 1316 Ecclesia
713 1265 889 1316 removetur.
906 1260 942 1314 Et
952 1257 1020 1316 ideo

192 1354 249 1410 tria
263 1353 327 1408 bac
342 1367 408 1423 quus
432 1349 632 1422 promisimus
644 1365 704 1404 non
729 1353 789 1405 tam
809 1346 1020 1405 constitutione

193 1441 346 1508 canonica,
363 1455 454 1512 quam
478 1437 665 1494 institutione
680 1437 779 1494 divina
803 1437 858 1494 soli
878 1441 948 1493 sunt
962 1437 1020 1492 lto-

193 1525 1021 1604 manopontillcireservata.Sicutautamepiscopuseon·

193 1625 326 1678 secretus
334 1617 398 1676 sina
409 1617 532 1673 licentia
541 1618 626 1684 Rom,
636 1615 786 1688 pontificis
797 1631 882 1671 suam
897 1630 958 1671 non
969 1612 1021 1670 de-

1067 469 1169 526 gavon.
1184 453 1323 512 Ecclesire
1338 457 1513 528 postularet,
1529 461 1671 532 quoniam
1683 463 1714 518 in
1725 463 1816 524 ubam
1828 484 1903 540 per-

1069 557 1174 599 sonam
1200 542 1341 602 idoneam
1365 561 1425 603 non
1445 552 1583 619 poterant
1596 552 1766 626 convenire,
1791 558 1901 616 vestris

1069 631 1151 688 canis
1166 633 1400 692 misericorditer
1410 653 1613 710 parceremus,
1624 657 1662 697 ne
1674 641 1764 699 vitam
1778 645 1809 701 in
1825 663 1903 705 con-

1067 720 1184 778 tusione
1198 723 1347 780 ullatenus
1360 725 1571 799 flniretis.Nos,
1586 728 1636 802 qui
1647 747 1804 804 personam
1815 740 1901 792 tuam

1070 810 1187 870 sincera
1211 812 1356 870 charitate
1380 812 1531 888 diligimus
1546 822 1576 873 et
1590 823 1651 888 tuo,
1663 827 1807 892 quantum
1829 841 1902 882 cum

1069 899 1129 956 lieo
1145 915 1313 971 possumus,
1330 901 1513 960 intendimus
1528 906 1634 963 honori
1647 907 1773 980 deferre,
1788 929 1858 969 cnm
1871 919 1902 970 te

1069 987 1149 1044 inter
1158 989 1266 1048 iratres
1275 997 1305 1047 et
1319 993 1509 1066 coepiscopos
1524 1002 1643 1054 nostros
1659 1001 1827 1059 membrum
1841 1004 1900 1061 bo·

1070 1077 1901 1160 norabilerepntemusetconlessionemspontaneamet

1072 1166 1320 1239 supplicationem
1331 1169 1467 1228 devotam
1481 1171 1639 1248 benignius
1652 1179 1851 1250 attendentes,
1863 1181 1902 1240 de

1070 1266 1213 1316 consueta
1240 1262 1324 1318 Eom.
1350 1262 1429 1319 sedis
1448 1263 1607 1324 clementia
1621 1283 1739 1340 poenam
1753 1269 1902 1328 inflictam

1072 1347 1210 1404 duximus
1220 1349 1431 1408 relaxandam:
1447 1354 1606 1411 venerabili
1615 1355 1699 1412 tratri
1709 1363 1812 1416 nostro
1823 1361 1903 1418 bitu.

1071 1436 1163 1493 ricen.
1180 1437 1402 1513 archiepiscopo
1421 1457 1476 1514 per
1497 1445 1660 1516 apostolica
1681 1449 1791 1521 scripta
1814 1465 1905 1508 man·

1072 1524 1178 1582 dantes
1192 1532 1340 1599 quatenns
1355 1535 1384 1585 te
1399 1536 1429 1586 et
1448 1538 1605 1606 praepatum
1621 1536 1835 1611 liotbomagen.
1853 1555 1904 1597 ar·

1072 1614 1294 1687 cbiepiscopum
1309 1633 1425 1691 apoena
1435 1623 1640 1694 suspensionis
1650 1625 1769 1698 publice
1784 1629 1904 1686 denun-

190 1710 242 1766 bet
255 1708 418 1765 Ecclesiam
433 1705 653 1776 derelinquere,
675 1704 718 1759 sic
732 1703 845 1758 electus
860 1702 1018 1759 conssrma·
1033 1745 1059 1814 Β
1073 1704 1128 1761 tiet
1141 1705 1303 1763 absolutos.

191 1805 239 1855 tus
249 1794 430 1870 praetarejus
440 1808 596 1850 assensum
606 1807 691 1848 suam
702 1790 839 1848 deserere
850 1789 956 1862 nequit
970 1807 1019 1846 ec·
1109 1795 1215 1850 Datum
1230 1796 1377 1866 Laterani,
1393 1815 1423 1854 nr
1436 1801 1534 1858 Nonas
1549 1803 1730 1862 Decembris,

192 1887 325 1954 clesiam,
337 1885 383 1942 cui
395 1889 441 1939 est
450 1880 852 1952 matrimonialiteralligatus
863 1895 870 1934 :
881 1895 949 1936 cum
957 1895 1018 1936 non

192 1975 298 2032 debeat
312 1973 343 2028 in
359 1971 481 2028 dubium
499 1969 628 2026 revocari
636 1969 720 2040 quin,
731 1968 982 2040 postelectionem
991 1973 1021 2024 et

192 2062 451 2122 confirmationem
467 2058 652 2125 canonicam,
665 2058 743 2113 inter
757 2073 900 2129 personas
910 2056 1020 2130 eligen-

193 2154 267 2210 tium
280 2157 310 2207 et
324 2149 409 2206 electi
425 2147 597 2221 conjugium
608 2147 646 2202 sit
661 2145 813 2218 spirituale
822 2150 1017 2202 contractum.

192 2243 344 2310 Quialicet
353 2239 559 2296 inveniaturin
573 2253 686 2294 canone
698 2237 771 2310 (199)
782 2236 861 2308 quod
872 2237 897 2292 si
908 2235 1019 2294 clectus

193 2332 271 2388 ultra
286 2331 417 2404 quinque
432 2344 551 2384 menses
564 2343 618 2399 per
632 2342 717 2383 suam
728 2326 937 2399 negligentiam
947 2324 1021 2382 reti-

1107 1885 1140 1939 Iu
1154 1885 1277 1940 eumdem
1291 1889 1350 1955 tore
1364 1889 1474 1946 modum
1488 1891 1680 1965 liotbouvopen.
1697 1894 1906 1969 antiepiscopo

1072 1973 1211 2044 Scriptum
1225 1981 1263 2031 est
1278 1991 1360 2048 super
1373 1978 1422 2033 boc
1436 1980 1585 2039 bituricen.
1602 1976 1815 2058 arcttipueopo.

1382 2067 1588 2126 ccccxtvln.

1346 2153 1407 2194 naor
1426 2155 1625 2198 roarucscnm.

1125 2225 1159 2280 Ut
1170 2226 1334 2294 promusum
1346 2227 1422 2284 acm.
1438 2229 1568 2288 Ecclesia
1582 2247 1690 2290 censum
1701 2235 1853 2306 persoluat.

1258 2313 1416 2383 (Laterani,
1433 2332 1450 2370 v
1464 2316 1507 2374 Id.
1523 2319 1716 2392 Decembris.)

193 2421 294 2478 nuerit
306 2419 457 2476 viduatam
472 2417 635 2474 Ecclesiam
650 2414 819 2472 necibinec
830 2414 901 2472 alibi
912 2409 1019 2470 consess
1107 2399 1904 2484 (2⁰⁰)1110⁰⁵⁰ffl¹1⁸l³l⁰l>⁰⁵¹l⁰⁰⁰¹1⁵lll¹¹lb¹¹ll³0¹⁸⁸⁰¹²³¹1¹

192 2509 334 2567 erationis
348 2507 460 2564 donum
475 2505 629 2580 percipiat,
654 2520 714 2560 non
730 2511 829 2560 tamen
844 2503 1021 2576 intelligitur
1073 2491 1154 2548 luam
1165 2490 1243 2546 inter
1252 2490 1327 2550 &¹5⁰³
1337 2493 1441 2548 mundi
1457 2495 1607 2570 principes
1621 2501 1815 2574 ltrfflrogaliva
1825 2500 1904 2558 dile·

192 2598 324 2656 Ecclesia
347 2596 466 2653 viduata
484 2594 569 2667 quasi
585 2608 727 2666 sponsum
740 2609 800 2650 non
814 2592 942 2660 babeat;
967 2589 1019 2646 sed
1073 2578 1779 2655 ationisetgratiavelimusqmvummm1100
1795 2607 1906 2663 possu-

193 2690 263 2761 quia
286 2703 353 2744 oum
378 2701 506 2758 sponsus
530 2683 594 2756 ejus
615 2682 749 2739 nondum
764 2682 803 2737 sit
817 2686 1018 2749 consecratus,
1073 2667 1318 2736 mns,bonorsre.
1330 2669 1373 2726 Ad
1381 2687 1446 2742 qum
1457 2673 1600 2732 nimirum
1609 2675 1905 2735 illudnecimmsrito

193 2771 628 2848 adhucquoadquaedamquasi
639 2772 800 2828 virimanet
812 2771 917 2827 solatio
928 2767 1019 2826 desti·
1073 2759 1243 2831 spetialiter
1252 2776 1309 2816 11⁰³
1321 2759 1445 2830 inducit,
1461 2763 1542 2834 quod
1556 2781 1682 2838 regnum
1696 2767 1748 2823 tibi
1759 2770 1906 2824 commis-

195 2869 266 2921 tuta.
279 2867 336 2920 Nos
347 2861 489 2935 ergo,qui
500 2877 584 2916 sacra
599 2859 724 2916 docente
735 2859 895 2931 Scriptura,
910 2873 1019 2914 mone·
1074 2864 1140 2906 sum
1155 2847 1192 2906 ab
1206 2849 1325 2922 inclyta
1347 2851 1561 2910 recordationis
1575 2856 1815 2928 progenitoribus
1842 2859 1905 2914 tuis

194 2969 310 3012 murae
321 2955 456 3008 nostrum
468 2948 1020 3019 ³111defflughonoremfluonigmgpo.
1073 2938 1211 2994 Eccleslffi
1222 2939 1362 2996 Roman&
1374 2941 1567 2999 constitutum
1585 2949 1630 3000 082
1643 2945 1793 3004 censuale.
1816 2947 1904 3004 Unde

195 3041 314 3099 stolatui
325 3044 427 3098 nostro
437 3037 539 3094 multis
549 3036 747 3093 referentibus
761 3033 1020 3106 innotueratquod
1074 3045 1128 3102 per
1155 3029 1279 3086 dilectos
1297 3029 1375 3086 illios
1399 3032 1544 3089 ioannem
1567 3033 1649 3090 Oveui
1672 3036 1807 3108 etEgeas
1819 3037 1905 3093 Petri

195 3137 228 3187 tu
238 3129 412 3202 magistrum
429 3128 470 3181 W.
487 3125 523 3182 de
538 3125 712 3192 Chimeleio,
727 3125 778 3196 qui
798 3124 910 3181 electus
925 3124 1023 3180 luerat
1035 3112 1060 3180 G
1074 3118 1180 3175 iratres
1190 3117 1350 3191 Hospitalis
1360 3119 1621 3193 Hierosolymitani
1632 3139 1795 3195 proannuo
1807 3141 1905 3182 censu

194 3221 225 3277 in
250 3219 409 3275 abrincen.
435 3215 619 3287 episcopum,
644 3219 673 3270 et
687 3229 741 3286 per
759 3213 1020 3285 metropolitanum
1074 3214 1201 3281 quatuor
1213 3208 1368 3264 unciarum
1381 3209 1458 3280 auri,
1473 3226 1547 3282 quas
1562 3211 1733 3286 magnitudo
1757 3214 1840 3288 rugia
1852 3232 1906 3271 re-

196 3325 283 3366 suum
293 3311 397 3380 postea
405 3305 608 3372 confirmatus,
621 3302 733 3358 diutius
746 3307 806 3358 tam
817 3301 848 3358 in
858 3300 1020 3374 spirituali-

194 3397 251 3456 bus
261 3413 351 3469 quam
361 3395 393 3452 in
405 3391 620 3466 temporalibus
629 3391 821 3458 ministrarat,
834 3391 865 3447 in
880 3390 1020 3464 andega-

194 3504 260 3544 ven.
276 3485 439 3542 Ecclesiam
454 3488 563 3555 preter
577 3481 747 3553 apostolicas
767 3480 847 3538 sedis
861 3481 1020 3538 auctorita·

195 3581 255 3634 tem
271 3572 487 3647 praesumpsisti
507 3570 668 3628 transferre
683 3575 713 3626 et
726 3569 899 3642 episcopum
914 3586 1021 3626 conse·

195 3681 289 3732 crare,
305 3679 394 3735 quem
406 3667 435 3718 et
449 3658 628 3716 venerabilis
639 3659 730 3714 irater
745 3663 847 3714 noster
861 3659 1021 3714 Rothoma-

1074 3297 1211 3370 cognovit
1224 3298 1341 3354 ratione
1356 3299 1497 3370 temporis
1512 3315 1530 3356 a
1544 3300 1679 3358 lateran.
1695 3301 1823 3359 concilio
1835 3303 1904 3376 jam

1074 3387 1178 3460 elapsi,
1194 3387 1373 3460 quingentos
1389 3392 1418 3443 et
1432 3393 1560 3460 quatuor
1568 3389 1771 3448 morabatinos
1782 3392 1820 3448 ad
1832 3408 1905 3464 sug-

1073 3476 1238 3550 gestionem
1248 3476 1349 3534 dilecti
1365 3476 1420 3532 tilii
1434 3477 1536 3534 iratus
1548 3479 1679 3536 Rainarii
1693 3481 1791 3537 nuntii
1805 3483 1903 3538 nostri

1074 3565 1161 3622 nobis
1175 3565 1255 3639 regia
1269 3564 1415 3622 serenitas
1428 3565 1606 3622 destinavit:
1622 3567 1702 3640 qnod
1719 3568 1820 3626 debita
1831 3587 1906 3642 pro-

1073 3654 1228 3726 sequimur
1237 3653 1398 3727 gratiarum
1408 3653 1536 3711 actione.
1548 3654 1622 3720 Quia
1632 3672 1699 3712 varo
1708 3655 1744 3712 de
1755 3655 1839 3712 mille
1847 3673 1904 3714 au-

1074 3743 1133 3800 reis
1148 3760 1166 3800 a
1180 3743 1258 3800 dioto
1272 3747 1355 3815 patre
1376 3747 1426 3798 tuo
1447 3742 1533 3800 bonu
1558 3744 1709 3801 memoris
1733 3745 1905 3802 Alexandro

1074 3833 1285 3906 predecessori
1296 3837 1398 3888 nostro
1409 3831 1527 3890 donatis
1536 3838 1566 3889 et
1575 3832 1612 3890 de
1622 3839 1742 3890 centum
1752 3835 1906 3891 censuali-

193 3769 260 3826 gen.
272 3751 512 3823 archiepiscopus
518 3752 627 3820 praeter
635 3744 1021 3819 apostolicoesedismanda-

195 3846 257 3898 tum
270 3840 396 3897 absolvit
409 3843 439 3893 et
450 3838 476 3893 ei
487 3837 591 3892 tribuit
601 3835 751 3892 licentiam
763 3835 936 3890 transeundi
950 3851 956 3889 :
972 3850 1021 3889 re·

194 3929 322 3986 uerabili
342 3926 426 3984 tratri
441 3931 542 3981 nostro
559 3924 717 3980 bituricen.
734 3923 967 3995 archiepiscopo,
983 3922 1019 3978 da
1073 3923 1129 3978 bus
1144 3922 1297 3980 annuatim
1313 3921 1472 3989 solvendis,
1488 3926 1534 3977 est
1542 3921 1658 3978 nescire
1669 3921 1906 3995 protessusren‘·

194 4033 253 4090 quo
269 4017 388 4089 plenam
400 4012 540 4070 fiduciam
550 4011 730 4079 obtinemus,
742 4011 878 4067 dedimus
893 4011 924 4067 in
934 4027 1020 4068 man-
1073 4009 1232 4078 tetem,scd
1244 4011 1346 4066 omnia
1354 4009 1541 4066 discutienda
1551 4015 1654 4067 nostro
1665 4011 1794 4068 examini
1802 4027 1905 4070 resar-

194 4105 272 4162 datis
283 4109 324 4172 ut,
336 4101 478 4175 inquisita
488 4117 578 4173 super
586 4101 642 4156 hoc
650 4099 768 4171 plenius
777 4099 909 4168 veritate,
921 4099 945 4154 si
956 4116 1020 4156 rem
1073 4101 1161 4157 vabas
1171 4117 1178 4154 :
1190 4114 1245 4156 nos
1255 4099 1387 4154 volentes
1397 4113 1517 4155 omnem
1528 4098 1752 4172 ambiguitatem
1761 4116 1779 4156 a
1788 4105 1839 4156 tuo
1850 4117 1906 4173 pe·

194 4201 306 4268 gestam
322 4192 421 4250 taliter
435 4191 591 4258 inveniret,
607 4194 635 4245 te
651 4193 681 4244 et
695 4188 906 4261 Rotbomagen.
922 4189 1021 4245 archi·
1073 4187 1906 4262 ctorepenitusamovere,rescriptuminclytaememorim

193 4276 1021 4356 episcopum,quisaltemupostolicamsedemsnperhoc
1075 4278 1220 4351 Alpbonsi
1231 4277 1324 4350 patris
1335 4277 1389 4344 tui,
1405 4277 1483 4334 sicut
1496 4275 1528 4332 in
1544 4276 1669 4350 registro
1678 4277 1814 4350 ejusdem
1822 4295 1908 4350 pru-

191 4371 348 4429 consulere
359 4368 514 4434 debuistis,
525 4383 544 4422 a
553 4365 779 4422 confirmatione
788 4365 900 4437 pariter
909 4370 939 4420 et
947 4382 1021 4422 con·
1074 4367 1240 4425 decessoris
1252 4366 1347 4423 nostri
1363 4365 1411 4423 cni
1425 4365 1547 4423 donatio
1560 4365 1639 4424 lacta
1648 4365 1705 4424 luit
1713 4365 1750 4424 de
1763 4365 1852 4424 verbo
1865 4367 1907 4424 ad

191 4461 360 4516 secratione
375 4457 561 4530 pontificum,
574 4458 770 4512 memoratum
782 4470 849 4510 vero
858 4455 900 4508 W.
917 4454 953 4510 ab
966 4471 1011 4511 ex·
1032 4470 1058 4534 D
1074 4458 1197 4515 verbum
1210 4456 1390 4524 invenimus,
1402 4454 1573 4512 celsitudini
1584 4460 1641 4512 turs
1650 4455 1907 4528 presentibusin·

190 4547 343 4604 secutione
357 4545 537 4618 pontificalis
553 4542 653 4610 olilcii,
670 4547 773 4598 nostra
782 4541 874 4598 lretns
887 4541 1016 4598 auctori·
1071 4549 1188 4608 clusum
1198 4547 1307 4604 litteris
1316 4545 1444 4602 fideliter
1453 4544 1648 4602 destinamus,
1660 4545 1803 4611 Quocirca
1814 4545 1909 4602 nobi.

191 4643 261 4706 tate,
278 4635 482 4708 suspenderet.
498 4633 552 4698 Qui
568 4631 701 4690 mandati
717 4631 811 4688 nostri
823 4631 950 4704 diligens
966 4647 1017 4686 ex·
1072 4640 1186 4696 litatem
1197 4636 1308 4710 regiam
1318 4649 1457 4708 rogamus
1468 4633 1610 4690 attentius
1622 4637 1909 4706 etmonemusgua.

192 4731 319 4788 ⁸00¹¹l⁰r=
329 4741 418 4798 ⁸¹¹1)er
428 4720 1017 4795 <1¹¹⁰del0li⁰¹10m⁸ll¹⁸dlssssissffilifflffl
1072 4734 1159 4786 tenus
1174 4729 1331 4799 pareatum
1346 4723 1497 4780 inherens
1510 4722 1650 4796 vestigiis,
1661 4723 1779 4782 utsicut
1791 4739 1824 4780 es
1834 4739 1907 4780 suc-

190 4813 401 4888 prosequimur
410 4812 536 4879 actione,
548 4827 615 4866 oum
626 4825 679 4882 per
694 4808 912 4866 confessionem
928 4824 1018 4881 spon·
1072 4833 1173 4874 cessar
1189 4817 1220 4872 in
1243 4829 1345 4888 regno,
1359 4813 1400 4869 ita
1415 4818 1445 4869 at
1457 4813 1516 4870 voti
1532 4828 1686 4870 successor
1698 4811 1818 4880 existas,
1833 4829 1905 4885 quus

191 4909 309 4960 teneam
325 4903 352 4958 ei
367 4901 402 4958 dc
418 4901 540 4956 veritate
565 4898 675 4972 negotii
691 4897 874 4954 constitisset
890 4903 916 4954 te
933 4901 962 4952 et
976 4896 1018 4953 di·
1072 4925 1125 4980 pro
1152 4905 1247 4962 salure
1273 4919 1327 4960 sua
1349 4903 1462 4975 pariter
1485 4909 1515 4958 oe
1531 4918 1653 4960 suorum
1668 4901 1775 4958 christi
1790 4901 1905 4958 vicario

189 4986 1019 5064 Oluntalchlfll’isffllsslffll¹¹¹¹³less⁰s0m³l>08101i⁰im³ffi
1072 4989 1909 5063 concesseruut,liberaliteretsinediltlcultatuqualibet

190 5083 250 5140 dati
264 5081 429 5155 suspendit.
444 5079 518 5145 Quia
536 5094 603 5134 vero
620 5083 650 5132 tn
666 5082 696 5132 et
707 5076 804 5132 dictus
818 5075 1019 5146 archiepisco·
1072 5083 1232 5158 persolvas,
1249 5069 1373 5153 Exim,
1394 5084 1503 5152 praeter
1517 5084 1636 5135 mternae
1650 5079 1907 5136 remunerationis

190 5191 245 5248 pus
259 5169 508 5228 nobishumiliter
518 5173 547 5223 et
557 5166 659 5223 devote
669 5182 723 5238 per
734 5164 853 5221 nuntios
864 5169 893 5219 et
903 5163 1018 5219 litteras
1072 5176 1241 5248 mmmmm,
1266 5171 1472 5245 temporaliter
1495 5186 1616 5244 mque
1632 5169 1684 5227 tihi
1700 5177 1730 5228 gg
1744 5187 1836 5245 regno
1852 5177 1908 5228 guo

191 5261 381 5335 SUPPfifflSllS
395 5263 430 5315 Ul
444 5257 561 5312 leniam
586 5255 690 5312 (Ῑᾶοῑθῦ
709 5254 813 5323 emili
825 5253 896 5324 <1¹²5a
907 5267 968 5307 ⁰⁰¹¹
983 5267 1019 5307 ‘³¹
1071 5283 1125 5339 per
1135 5264 1305 5338 apostolica
1316 5263 1396 5319 sadis
1406 5262 1621 5335 protectionem
1633 5267 1662 5317 et
1671 5262 1798 5332 gratiam
1809 5261 1911 5319 multa

109 5427 116 5438 ἱ
191 5351 375 5424 malignitate
392 5347 444 5404 5θά
460 5363 495 5403 01
514 5343 705 5418 Simplicitate
720 5341 875 5416 pelicaslss,
898 5357 966 5398 0¹21ss
987 5339 1018 5396 ld
1072 5354 1228 5428 provenire
1236 5357 1377 5426 poterunt
1388 5352 1592 5420 {mmmmm
1608 5367 1706 5424 neque
1719 5350 1909 5410 contrarium

224 5511 300 5582 (iot)
316 5511 385 5638 Cas.
399 5509 534 5576 Quoniam
552 5509 613 5562 too.
630 5504 703 5561 Dist.
721 5502 794 5560 Vide
810 5517 901 5576 snpra
913 5501 1000 5576 epist.
1017 5503 1079 5573 ll'l,
1095 5504 1125 5558 et
1138 5497 1217 5556 inira
1231 5496 1318 5570 epist.
1335 5498 1399 5566 502,
1414 5497 1477 5554 532.

225 5584 300 5656 (000)
316 5583 349 5638 Vi
372 5595 493 5653 esupra
507 5579 593 5652 epist.
609 5579 673 5635 itt.
