3952 6056
76 307 130 364 tta

598 287 852 349 renundatus
871 284 966 344 lutto
985 285 1007 356 1,
1028 283 1167 342 CHRISTI
1189 285 1267 340 titt.

1738 287 1788 340 lat

76 427 401 492 saecularisadcuriam
412 438 496 481 suam
503 418 773 496 judicandosvelin
784 431 903 472 causam
919 419 948 484 Α
963 413 1094 484 episcopi
1110 413 1290 478 audiremus,
1308 425 1353 479 eo,
1367 409 1444 466 sicut
1458 409 1629 478 recolimus,
1649 416 1787 482 patenter

76 520 233 580 ducendos
246 521 330 574 vocet
341 534 348 584 ;
359 531 415 572 nec
425 513 517 570 abbas
528 511 573 566 vel
584 508 722 565 monachi
736 513 787 563 nui
804 521 906 562 eorum

78 595 905 672 hominesabecclesiacuiserviuutjudicandicoactipro

78 701 271 774 susceptione
276 689 663 770 judiciicuriaspriucipum
676 683 906 755 adeautaliquo-

77 809 158 859 rum,
171 805 269 861 neque
281 803 334 859 per
343 784 470 855 alicujus
477 779 802 853 principispotestatem
813 771 905 829 abbas

77 900 147 940 cum
158 877 334 936 hominibus
347 872 488 930 Ecclesiae
500 865 725 934 virziliacensis,
738 864 763 919 si
779 879 837 935 qua
852 862 904 917 in-

76 980 123 1029 ter
135 987 187 1027 eos
196 965 319 1040 querela
326 961 491 1029 emerserit,
502 960 533 1014 iu
544 972 664 1014 causam
675 955 766 1008 intret
774 970 781 1019 ;
789 950 903 1008 uecali·

76 1061 146 1134 quis
161 1075 216 1115 eos
239 1055 380 1113 adversus
395 1050 533 1107 abbatem
546 1044 705 1102 defendere
717 1042 834 1109 audeat,
859 1039 903 1095 vel

76 1152 153 1208 tueri
169 1167 177 1216 ;
204 1163 260 1202 nec
271 1144 435 1216 burgenses
450 1138 495 1194 vel
507 1136 645 1192 homines
659 1131 798 1188 Ecclesiae
812 1129 904 1184 Virri-

75 1238 221 1296 liacensis
233 1239 341 1308 praeter
365 1229 503 1286 abbatem
518 1231 547 1282 et
561 1222 723 1280 monachos
744 1219 903 1291 quisquam

76 1328 250 1402 principum
265 1323 302 1380 ad
315 1337 399 1377 suam
414 1318 526 1374 curiam
538 1310 718 1388 judicandos
733 1314 763 1364 et
774 1308 902 1364 distrin-

75 1417 192 1492 gendos
206 1409 408 1487 puniendosve
425 1408 466 1463 ire
479 1402 649 1476 compellat.
661 1399 704 1455 Ad
720 1399 793 1465 herc,
809 1412 900 1468 saspa-

77 1509 156 1565 dicto
171 1501 356 1562 monasteria
371 1497 545 1555 auctoritate
565 1491 728 1566 apostolica
742 1489 902 1545 confirma·

75 1615 144 1654 mus
155 1587 559 1668 quaecunquepraedictorum
569 1583 761 1640 fundatorum
770 1595 820 1634 sen
832 1593 902 1649 quo·

75 1699 267 1756 rumcunque
283 1679 418 1738 fidelium
432 1675 566 1748 legitima
579 1671 738 1728 collatione
759 1673 810 1724 aut
833 1666 901 1722 aliis

70 1777 164 1850 justis
179 1773 278 1830 modis
293 1769 427 1827 noscitur
437 1764 599 1838 possidere,
615 1767 645 1817 et
655 1773 840 1832 quaecunque
849 1756 899 1830 ju·

76 1873 120 1922 ste
136 1867 169 1920 in
185 1863 316 1919 futurum
334 1863 363 1916 et
377 1855 520 1914 canonice
539 1853 681 1926 largiente
697 1849 822 1905 Domino
846 1861 900 1918 po-

74 1954 145 2010 terit
159 1949 296 2022 adipisci.
309 1949 457 2002 Praeterea
471 1940 564 2013 quieti
578 1943 681 1994 vestras
700 1933 900 2007 providentes,

77 2040 253 2099 auctoritate
277 2034 403 2110 apostol.
429 2029 636 2088 interdicimus
661 2024 757 2082 etsub
782 2039 901 2079 excom·

6 2179 7 2208 ζ
77 2127 291 2186 manicationis
314 2123 433 2180 vinculo
454 2118 657 2194 prohibemus,
680 2119 714 2171 ut
731 2113 810 2169 infra
833 2127 901 2183 per-

77 2227 219 2283 tinentias
234 2219 407 2280 monasterii
419 2216 508 2274 uestri
529 2212 666 2270 crucibus
687 2209 900 2266 determinatas

75 2316 178 2372 nullus
188 2313 344 2370 hominum
355 2323 472 2382 capere,
482 2303 619 2362 invadere
631 2317 683 2356 seu
694 2299 774 2354 bona
784 2311 838 2352 sua
848 2311 899 2352 au·

74 2405 151 2462 ferre
169 2403 230 2458 sire
245 2401 392 2458 assultum
407 2395 452 2452 vel
467 2391 633 2466 quamlibet
647 2387 844 2444 offensionem
856 2385 899 2440 fa·

76 2511 153 2561 cere,
170 2508 267 2564 neque
284 2505 337 2562 per
351 2485 477 2559 alicujus
494 2482 576 2538 ducis
592 2478 637 2535 vel
653 2477 770 2534 comitis
798 2479 899 2531 aucto·

71 2584 193 2639 ritatem
218 2579 376 2652 quisquam
401 2574 466 2630 sine
487 2569 608 2627 licentia
631 2571 728 2622 vestra
746 2565 777 2620 in
793 2563 898 2620 eodem

72 2670 256 2729 monasterio
267 2668 374 2724 missas
384 2663 535 2720 celebrare
547 2662 576 2715 et
586 2656 754 2714 oblationes
765 2653 897 2709 detinere

73 2754 449 2836 praesumatlt'ihilominus
457 2745 834 2824 quoquepraedecessorum
845 2757 898 2798 no-

74 2859 205 2909 strorum
216 2848 254 2904 fe.
271 2862 361 2904 mem.
378 2841 499 2909 Urbani,
510 2837 644 2912 Eugenii,
658 2833 829 2900 Alexandri,
841 2833 898 2886 Lu-

74 2933 394 3011 cii,Urbani,Gregarii,
402 2929 563 2988 Clementis
574 2923 759 2982 etCoelcstini
772 2925 897 2979 Roman.

74 3031 252 3104 pontificum
266 3023 396 3098 vestigiis
419 3021 610 3084 inhaerentes,
633 3013 790 3071 statuimus
812 3016 845 3068 ut
865 3011 896 3065 in

77 3119 212 3177 ecclesiis
224 3122 252 3174 et
262 3113 384 3188 capellis
397 3109 502 3167 tastris
517 3125 569 3181 per
586 3106 716 3162 diversas
731 3100 897 3175 provincias

962 517 1113 574 expresso,
1130 505 1162 556 ut
1179 499 1328 572 superbis
1343 499 1477 556 articulis
1493 499 1523 554 in
1540 500 1648 571 quibus
1658 501 1710 572 jus
1721 502 1785 573 epi-

961 587 1784 662 scopalemouasteriiprivilegiaexcludebantnullaprr

960 685 1050 734 testes
1061 679 1215 750 inquisitio
1235 677 1403 741 haberetur,
1420 678 1472 734 sed
1485 693 1574 749 super
1589 676 1655 732 aliis
1668 677 1705 732 de
1716 681 1783 749 qui-

959 766 1015 824 bus
1029 769 1066 823 ab
1081 768 1220 840 episcopo
1236 768 1358 838 quaestio
1374 771 1477 822 contra
1487 767 1701 822 monasterium
1715 783 1780 823 mo-

958 856 1090 914 vebatur.
1103 855 1237 912 Testihus
1253 855 1352 929 itaque
1365 856 1487 928 praelato
1501 860 1603 910 tenore
1614 856 1741 927 receptis
1753 860 1784 911 et

959 945 1195 1018 depositionibus
1208 961 1311 1002 eorum
1321 945 1451 1000 redactis
1466 945 1499 1000 in
1516 945 1646 1016 scriptis,
1664 944 1722 999 fait
1735 945 1783 1000 in-

959 1034 1042 1093 dulta
1051 1035 1222 1092 commissio
1234 1053 1287 1107 pro
1298 1035 1497 1090 aliistastibus
1505 1034 1715 1106 producendis,
1725 1034 1783 1090 dif-

959 1125 1230 1182 finitivasententia
1244 1124 1369 1196 apostol.
1381 1123 1460 1179 sedis
1476 1123 1606 1180 examini
1621 1130 1780 1183 reservata.

957 1216 1085 1271 Proinde
1100 1221 1202 1287 postea
1218 1231 1283 1286 quaa
1299 1219 1364 1270 acta
1380 1217 1450 1270 sunt
1464 1213 1518 1269 sub
1530 1213 1682 1286 judicibus
1697 1212 1780 1270 delc-

956 1305 1042 1377 gatis,
1059 1311 1118 1360 tam
1133 1304 1262 1376 episcopi
1277 1319 1366 1374 quam
1382 1302 1556 1359 monasterii
1578 1304 1779 1374 procuratori·

955 1391 1011 1449 bus
1020 1398 1129 1450 statuto
1142 1393 1268 1449 termino
1281 1393 1312 1447 in
1328 1397 1431 1448 nostra
1439 1392 1599 1465 prasentia
1611 1393 1779 1448 constitutis

955 1487 1024 1555 post
1038 1483 1132 1540 multa
1148 1482 1298 1538 hincinde
1311 1483 1465 1554 proposita
1479 1481 1515 1538 ab
1532 1481 1661 1553 episcopi
1672 1498 1779 1554 procu-

954 1577 1053 1630 ratore
1070 1571 1259 1644 quaesivimus
1274 1575 1306 1626 ut
1321 1570 1466 1642 quidquid
1480 1576 1605 1642 peteret,
1621 1571 1775 1643 scriptura

954 1663 1031 1718 serie
1040 1660 1213 1718 declararet.
1225 1661 1279 1726 Qui
1288 1660 1454 1716 licetantea
1463 1677 1515 1732 per
1524 1659 1776 1718 advocatumsub·

952 1751 1115 1824 jectionem
1136 1749 1309 1806 monasterii
1331 1766 1398 1804 cum
1413 1749 1481 1806 aliis
1494 1750 1637 1821 petiisset,
1654 1749 1776 1806 tandm

955 1839 1058 1897 libello
1068 1845 1204 1912 porrecto
1215 1837 1429 1906 confessusest,
1439 1837 1602 1909 quodnibil
1612 1839 1643 1894 iu
1654 1855 1777 1911 corpore

955 1929 1129 1986 monasterii
1143 1928 1317 1996 vindicaret,
1333 1927 1385 1984 sed
1401 1926 1432 1982 in
1448 1927 1583 1983 ecclesiis
1598 1927 1630 1984 in
1640 1927 1779 1983 villacir·

954 2015 1779 2091 cumadjaceutimonasterioconstitutis,oleroetpopulo

955 2108 1127 2164 earumdem
1143 2112 1173 2163 et
1187 2105 1366 2178 quibusdam
1384 2105 1451 2162 aliis
1462 2105 1513 2178 jus
1528 2105 1697 2177 episcopale
1720 2105 1779 2162 do-

954 2197 1037 2254 mino
1052 2214 1105 2254 suo
1129 2197 1245 2254 restitui
1265 2194 1453 2268 postulabat:
1471 2211 1598 2266 quorum
1614 2195 1780 2266 possessio-

954 2303 1024 2343 nem
1046 2287 1159 2344 Eduen.
1185 2285 1348 2342 Ecclesiam
1371 2281 1512 2340 habuisse
1525 2289 1676 2358 etpraeter
1699 2284 1779 2358 juris

953 2375 1090 2433 ordinem
1107 2375 1243 2432 amisisse
1254 2374 1438 2430 sufficienter
1451 2373 1611 2445 probatum
1620 2390 1685 2432 esse
1697 2375 1781 2432 testi-

953 2465 1009 2522 bus
1019 2465 1188 2532 asserebam
1202 2469 1231 2520 et
1241 2463 1306 2520 ideo
1316 2461 1521 2520 attestationes
1532 2463 1641 2534 aperiri
1651 2479 1719 2519 cum
1731 2451 1778 2518 in·

953 2564 1062 2620 stantia
1071 2562 1250 2633 requirebat.
1264 2563 1399 2617 licentra
1409 2577 1477 2616 vero
1489 2559 1713 2622 virziliacenses
1724 2577 1779 2618 uec

952 2652 1034 2708 litem
1048 2652 1140 2708 fuisse
1163 2667 1252 2723 super
1266 2650 1392 2722 hisquae
1409 2655 1546 2722 exempta
1561 2653 1630 2705 sunt
1650 2667 1705 2722 per
1717 2649 1778 2722 pri-

950 2740 1057 2815 vilegia
1081 2744 1277 2798 contestatam
1301 2743 1331 2795 et
1345 2755 1376 2796 se
1390 2739 1485 2795 libare
1501 2755 1571 2796 usos
1582 2739 1645 2795 suis
1658 2739 1777 2812 privile·

951 2831 1007 2905 giis
1034 2831 1233 2886 affirmabant.
1259 2831 1317 2884 Nos
1337 2845 1406 2884 vero
1426 2827 1589 2900 privilegiis
1604 2829 1778 2888 monasterii

952 2920 1111 2994 diligenter
1124 2919 1278 2992 inspectis,
1291 2917 1369 2974 villae
1385 2915 1668 2990 circumadjacentis
1682 2918 1778 2974 eccle-

953 3010 1133 3066 siasscilicet
1143 3008 1337 3075 SanctiPetri,
1350 3006 1451 3064 Sancti
1458 3006 1779 3078 christophorisnncti

953 3099 1105 3171 Stephani,
1116 3098 1230 3155 Sanctia
1241 3097 1372 3165 llarthaa,
1388 3097 1501 3152 Sanctae
1512 3095 1625 3164 Crucis,
1637 3101 1666 3152 et
1680 3097 1778 3152 Sancti

76 3205 245 3266 constitutis
260 3203 425 3278 presbyteri
440 3217 458 3256 a
471 3197 552 3254 vobis
568 3195 612 3252 vel
631 3193 772 3250 fratribus
793 3189 898 3246 vestris
913 3159 939 3226 C
952 3188 1064 3256 iacobi,
1077 3187 1167 3260 plena
1182 3193 1211 3243 et
1224 3185 1289 3259 pari
1304 3202 1372 3242 cam
1385 3185 1568 3242 monasterio
1593 3185 1721 3258 gaudere
1731 3203 1780 3241 re-

75 3299 244 3372 eligaatur3
259 3300 292 3351 ut
306 3291 463 3366 episcopis,
478 3289 510 3344 in
526 3301 652 3359 quorum
676 3281 795 3338 dioecesi
817 3283 897 3346 sunt,
952 3278 1084 3350 perimus
1099 3278 1246 3333 libertate.
1263 3276 1337 3342 Quia
1351 3291 1430 3348 ergo,
1447 3275 1524 3330 sicut
1540 3275 1654 3330 dictum
1668 3281 1779 3343 estno-

74 3389 312 3460 praesententur:
329 3378 480 3452 aquibus,
495 3376 519 3431 si
535 3374 634 3430 idonei
657 3371 779 3438 fuerint,
796 3384 897 3424 curam
953 3367 1006 3422 stri
1027 3383 1087 3422 non
1106 3365 1163 3422 fuit
1177 3363 1404 3437 predecessoris
1419 3363 1546 3418 intentio
1561 3367 1594 3417 ut
1617 3379 1707 3435 super
1729 3363 1777 3418 his

75 3477 245 3532 animarum
260 3471 424 3544 accipiant:
440 3468 481 3523 ita
496 3463 616 3538 quidem
632 3461 711 3534 quod
739 3454 775 3514 d'e
802 3457 899 3530 plebis
952 3472 1018 3527 quae
1032 3455 1064 3509 in
1073 3454 1233 3526 privilegiis
1242 3453 1413 3509 eximuntur
1424 3451 1471 3507 vel
1481 3450 1776 3522 habereturquaestio

73 3582 144 3622 cura
154 3567 315 3620 teneantur
326 3555 472 3632 episcopis
483 3552 663 3626 respondere
673 3567 680 3617 ;
692 3550 728 3604 de
739 3545 897 3604 oblationi·
952 3544 997 3600 vel
1012 3543 1218 3600 testimonium
1241 3540 1425 3607 redderetur,
1442 3539 1647 3596 attestationes
1672 3556 1776 3595 omnes

74 3655 129 3712 bus
139 3671 219 3722 vero,
234 3650 358 3708 decimis
372 3647 497 3718 aliisque
508 3641 687 3709 redditibus,
703 3640 781 3695 sicut
795 3653 899 3710 aprae-
954 3649 1044 3705 super
1058 3633 1115 3702 his,
1129 3632 1154 3688 si
1169 3648 1235 3703 quae
1251 3636 1320 3685 suut
1335 3627 1484 3697 exhibitae,
1499 3628 1638 3684 duximus
1654 3628 1776 3684 irritan-

6 3759 7 3782 t
75 3741 283 3801 decessoribus
294 3738 404 3796 nostris
412 3735 494 3792 vobis
505 3747 679 3790 concessum
689 3729 781 3784 fuisse
792 3727 898 3800 digno-

77 3845 180 3910 scitur,
194 3839 316 3897 incuria
326 3841 422 3893 vestra
433 3849 516 3890 suam
532 3816 681 3905 justitiam
690 3829 898 3898 exsequantur.

78 3936 160 4002 Quod
183 3933 208 3991 si
231 3931 328 3988 facere
351 3929 428 3986 forte
454 3923 616 3991 noluerint,
639 3917 834 3977 subtrahendi
857 3918 900 3973 eis

80 4020 256 4096 temporalia
271 4019 345 4090 ipsa,
361 4015 487 4072 liberam
502 4006 818 4066 habeatisauctoritate
834 4021 901 4076 apo·

955 3723 1017 3779 das.
1034 3723 1109 3777 Sane
1124 3721 1294 3777 libertatem
1309 3718 1484 3774 monasterii
1501 3733 1537 3774 ex
1558 3717 1623 3789 ipsa
1636 3734 1779 3790 procura-

954 3821 1027 3878 toris
1038 3820 1168 3892 episcopi
1181 3817 1367 3874 conlessione
1378 3816 1549 3873 tenentesei
1557 3815 1778 3889 privilegiorum

954 3911 1066 3968 claram
1082 3909 1190 3966 seriem
1205 3909 1237 3963 in
1251 3907 1329 3976 aliis,
1344 3923 1409 3978 quaa
1423 3906 1494 3962 licet
1505 3911 1641 3977 exempta
1656 3905 1777 3977 inquae-

955 4001 1083 4056 stionem
1107 3995 1484 4064 deducebantur,attentius
1499 3994 1660 4064 intuentes,
1672 4011 1780 4067 procu·

79 4115 146 4172 stol.
162 4110 345 4168 facultatem.
362 4102 545 4160 Sententiam
560 4099 684 4171 insuper
707 4113 797 4168 super
812 4110 902 4150 cansa
955 4089 1047 4145 ratori
1064 4088 1194 4160 episcopi
1211 4087 1247 4143 de
1262 4084 1387 4142 consilio
1401 4084 1528 4140 fratrum
1543 4089 1712 4140 nostrorum
1729 4101 1780 4140 su-

80 4219 144 4274 qaae
156 4201 295 4254 intervos
308 4202 338 4252 et
349 4189 595 4250 bonmmemoriae
607 4187 790 4260 Stephanum
806 4200 902 4254 quon·
955 4195 1009 4251 per
1033 4177 1217 4248 subjectione
1247 4173 1420 4230 monasterii
1449 4179 1478 4228 et
1498 4171 1637 4227 omnibus
1661 4187 1727 4243 quar
1747 4173 1779 4227 iu

80 4306 169 4364 quam
186 4288 298 4343 Edueu.
313 4285 484 4358 episcopum
495 4277 673 4344 vertebatur,
690 4273 836 4330 adomiuo
848 4273 902 4328 Ur·
956 4267 1117 4340 privilegiis
1133 4267 1304 4320 eximuntur
1322 4279 1376 4335 per
1387 4261 1576 4318 diffinitivam
1600 4262 1779 4318 sententiam

79 4379 157 4436 hano
173 4375 391 4450 praedecessore
406 4375 507 4428 nostro
523 4368 559 4424 de
575 4363 726 4422 communi
738 4361 863 4418 consilio
874 4365 904 4418 et
957 4356 1296 4427 silentiumperpetuum
1311 4353 1353 4408 ita
1364 4351 1503 4407 duximus
1513 4349 1739 4420 imponendum,
1749 4355 1781 4406 ut

79 4471 204 4526 assensn
218 4466 344 4520 fratrum
359 4461 505 4534 prolatam
521 4462 550 4513 et
564 4472 582 4512 a
595 4453 691 4510 felicis
706 4452 821 4508 record.
838 4450 904 4506 Cle·
957 4445 988 4501 in
1003 4444 1136 4501 ecclesiis
1151 4442 1341 4514 supradictis,
1357 4439 1436 4495 clero
1449 4437 1596 4510 etpopulo
1608 4438 1780 4495 earumdem

80 4563 179 4613 mente
195 4553 414 4628 praedecessore
425 4551 527 4604 nostro
537 4543 727 4618 postmodum
743 4541 903 4596 confirma·
918 4526 945 4591 D
961 4540 990 4592 et
1003 4533 1073 4590 villa
1088 4531 1309 4603 circumjacenti
1321 4528 1396 4585 nihil
1403 4527 1492 4599 juris,
1503 4527 1579 4583 nibil
1591 4529 1783 4584 consuetudi-

80 4653 150 4714 tam,
172 4642 347 4700 auctoritate
358 4637 482 4712 apostol.
499 4633 691 4692 concedimus
707 4635 736 4686 et
749 4627 905 4703 praesentis

82 4735 183 4806 scripti
194 4732 303 4806 pagina
314 4727 545 4786 communimus.
561 4723 630 4789 Quae
646 4719 767 4794 quidem
783 4723 905 4775 senten-

81 4826 121 4880 tia
136 4822 205 4879 talis
222 4826 277 4877 est.
294 4815 506 4875 Controversia
518 4829 583 4884 qum
597 4809 651 4866 sub
669 4809 806 4866 examine
827 4807 906 4864 sedis

82 4911 207 4986 apostol.
218 4909 418 4964 terminantur
438 4905 606 4960 litterarum
622 4898 731 4954 debent
754 4897 906 4952 memoria

82 4998 300 5066 commendari,
317 5011 354 5052 ne
370 4999 465 5050 tractu
480 4989 624 5061 temporis
634 4987 810 5043 inrecidivae
826 5001 908 5056 qum-

83 5099 186 5156 stionis
202 5085 375 5168 scrupulum
391 5091 588 5148 deducantur.
609 5086 906 5142 Meminimusautem

6 5179 7 5194 ¹
82 5185 301 5264 piaememoriae
316 5183 568 5256 praedecessorem
578 5180 714 5231 nostrum
725 5174 846 5229 Lucium
855 5188 907 5244 pa·

82 5295 149 5352 pam
162 5273 385 5334 venerabilibus
401 5268 543 5327 fratribus
560 5265 670 5322 nostris
681 5266 711 5319 T.
723 5265 862 5319 Porlueu.
880 5265 909 5316 et

82 5369 112 5423 li.
127 5367 279 5423 Albunea.
297 5361 445 5436 episcopis
465 5363 495 5414 et
518 5353 604 5412 nobis
628 5353 725 5410 adhuc
747 5353 778 5407 in
799 5350 908 5406 minori

82 5456 182 5514 allicio
198 5452 370 5511 constitutis
385 5446 551 5522 injunxisse
567 5449 600 5499 ut
623 5443 653 5497 iu
665 5457 754 5498 causa
763 5442 842 5496 inter
855 5456 907 5495 ve-

84 5543 249 5604 nerabilem
266 5543 390 5600 fratrem
406 5541 539 5594 nostrum
559 5533 672 5588 Eduen.
694 5531 865 5602 episcopum
880 5533 910 5584 et

85 5634 301 5699 monasterium
315 5637 446 5689 vestrum
457 5625 568 5685 diutius
579 5621 696 5702 agitata,
712 5627 801 5678 testes
815 5620 909 5694 ipsius

959 4624 1017 4691 nis,
1029 4609 1239 4677 nihilomnino
1251 4619 1420 4691 quisquam,
1436 4619 1543 4686 preater
1553 4616 1716 4672 Romanam
1729 4619 1782 4673 Ec·

961 4713 1093 4780 clesiam,
1107 4707 1271 4766 secundum
1288 4705 1367 4779 quod
1381 4703 1534 4778 privilegia
1544 4703 1782 4778 continentque

961 4811 1120 4884 diligenter
1129 4808 1323 4880 inspeximus,
1335 4802 1616 4874 habeatpotestatis.
1630 4804 1782 4860 Verumta·

961 4917 1030 4958 men
1041 4898 1237 4972 principalem
1247 4893 1413 4968 superipsis
1422 4891 1783 4964 privilegiisquaestionem

961 4991 986 5046 si
1003 5005 1038 5046 ea
1053 4989 1210 5060 episcopus
1224 5002 1285 5040 nou
1302 4986 1332 5038 in
1343 4987 1427 5056 parte
1442 4981 1633 5037 sedtotaliter
1649 4986 1783 5037 tentave-

961 5081 1002 5135 rit
1015 5077 1194 5150 improbare,
1210 5074 1267 5148 ipsi
1279 5074 1407 5130 liberam
1424 5087 1620 5126 reservamus.
1647 5071 1784 5125 Decerni-

961 5185 1028 5224 mus
1045 5183 1124 5238 ergo,
1142 5169 1187 5220 etc
1203 5206 1210 5232 ,
1226 5181 1311 5235 usque
1325 5161 1484 5218 adverbum
1499 5159 1579 5226 illud,
1597 5157 1718 5231 fatigare
1733 5165 1785 5214 aut

963 5257 999 5314 de
1014 5255 1141 5329 propriis
1155 5252 1335 5311 animalibus
1349 5267 1415 5322 quae
1430 5250 1462 5304 in
1475 5246 1558 5302 cellis
1574 5247 1637 5318 ejus
1648 5247 1784 5315 suntde-

963 5347 1056 5403 cimas
1072 5344 1200 5418 exigere,
1216 5341 1268 5398 sed
1284 5340 1384 5396 omnia
1408 5343 1464 5394 etc.
1490 5335 1569 5390 salva
1594 5336 1624 5390 in
1647 5336 1786 5393 omnibus

964 5433 1233 5507 sedisapostolicae
1258 5429 1444 5492 auctoritate,
1465 5429 1493 5479 et
1515 5423 1547 5478 in
1569 5423 1630 5478 illis
1652 5425 1787 5482 ecclesiis

964 5515 1786 5597 quaeexemptaenorrsuutdioecesanorumepiscoporum

965 5611 1244 5684 canonicajustitia.
1256 5608 1299 5665 Aa
1311 5605 1455 5664 indicium
1470 5606 1570 5660 nutem
1585 5607 1646 5660 tum
1658 5604 1787 5678 jurisdi-
