3952 6056
198 265 250 320 aaa
689 220 896 338 invocarem
915 242 953 297 111
973 241 1028 296 rr.
1049 231 1285 296 auaasrcnuu
1301 237 1367 292 um.
1388 239 1409 292 1.

197 386 376 446 fraternitati
388 388 444 440 tuoe
455 381 628 440 facultatem
639 375 815 434 auctoritate
826 367 1018 446 praesentium
1034 366 1125 440 Ajus
1136 365 1261 422 obtentu
1269 365 1441 439 dignitatem
1453 363 1690 438 priorismajcris
1700 369 1913 438 usurpaverat,

200 477 387 550 indulgentes
404 472 528 529 clericos
540 467 708 524 dioecesana
718 463 771 520 tibi
786 464 850 536 lege
862 461 1024 534 subjectos,
1080 455 1125 510 illi
1138 471 1223 527 posse
1238 453 1416 526 patrocinari
1427 453 1719 522 armiterasserobat,
1731 452 1835 510 cumin
1844 453 1918 525 ipsa

200 566 250 637 qui
265 569 333 637 post
347 561 541 617 interdictum
555 562 640 613 tuum
655 555 755 611 divina
770 551 1027 624 praesumpserunt
1081 543 1245 600 evidentius
1259 543 1441 615 exprimatur
1455 559 1493 599 ne
1510 541 1750 615 deinceps'pricr
1762 543 1863 614 major
1878 543 1917 597 in

199 659 251 710 aut
276 652 312 708 de
341 654 447 708 caetero
473 644 721 722 presumpserint
742 641 841 698 ciiicia
864 637 1026 705 celebrare,
1081 633 1263 707 llagalonen.
1286 631 1418 688 Ecclesia
1432 631 1602 687 haberetur.
1619 631 1702 687 Unde
1728 631 1921 703 sequebatur

199 743 265 799 sine
278 739 486 814 appellationis
510 733 664 794 obstaculo
690 748 778 807 poena
796 729 939 788 canonica
960 743 1026 798 per·
1081 738 1137 778 nec
1156 721 1341 794 propositum
1366 737 1421 776 nec
1446 721 1538 776 alium
1553 719 1729 794 dignitatem
1745 719 1828 776 illam
1853 719 1920 776 sibi

200 830 341 888 collandi·
356 828 435 885 Nulli
452 843 532 900 ergo,
546 829 602 883 etc.

239 921 355 987 ilatum,
371 923 401 973 ut
415 933 512 992 supra.

543 1000 693 1060 cclxvii.

207 1113 352 1166 sarsooro,
381 1108 599 1160 ancaroraccao,
628 1107 660 1147 nr
688 1104 825 1145 siemera
852 1099 1027 1142 arcanorum.

252 1190 290 1244 ilc
305 1187 530 1242 archidiaconatu
541 1181 729 1252 Magaiaaeasi
744 1179 848 1248 copiose
862 1175 979 1232 disserit.

451 1275 572 1342 (Roma,
587 1287 615 1325 vr
630 1269 672 1325 ld.
683 1267 785 1344 lunii.)

1082 829 1168 884 posse
1191 811 1380 882 aliquatenus
1403 810 1570 878 vindicare;
1586 810 1757 882 praesertim
1780 825 1850 866 cum
1872 809 1921 864 ibi

1083 901 1270 958 contineatur
1280 915 1418 972 expresse
1430 900 1509 972 quod
1519 899 1697 972 prepositus
1708 915 1771 955 non
1783 898 1923 972 dignita-

1083 995 1143 1045 tem
1154 987 1273 1061 prioris,
1290 988 1344 1044 sed
1363 1003 1465 1044 curam
1485 987 1564 1044 circa
1578 988 1795 1043 correctionem
1810 1003 1923 1044 exces-

1084 1094 1171 1134 suum
1182 1083 1212 1133 et
1221 1081 1386 1133 erratorum
1398 1077 1505 1133 debeat
1515 1077 1658 1133 duntaxat
1667 1075 1821 1132 babere.Si
1832 1077 1923 1138 enim

1084 1167 1258 1240 dignitatem
1273 1166 1510 1238 velletinteiligi,
1521 1164 1572 1222 ubi
1588 1181 1690 1221 curam
1701 1166 1851 1237 apposuit,
1870 1165 1924 1220 di-

1084 1257 1205 1330 gnitatis
1217 1255 1393 1312 vccabulum
1404 1255 1599 1326 expressisset
1610 1273 1617 1324 ;
1630 1255 1706 1311 sicut
1716 1271 1751 1310 ex
1762 1254 1922 1310 consulta-

244 1364 317 1435 (102)
331 1364 403 1418 Cum
416 1356 771 1430 climsicutacccpimus,
782 1355 866 1410 bonae
878 1350 1031 1408 memoria
1085 1345 1165 1400 tione
1181 1345 1252 1400 dicti
1270 1343 1430 1400 Alexandri
1455 1360 1538 1416 papas
1562 1343 1792 1416 praedecessoris
1818 1343 1923 1399 nostri

203 1450 421 1526 Magalonensis
433 1449 600 1521 episcopus,
608 1443 892 1502 habitcdilectorum
900 1440 1030 1497 illiorum
1085 1433 1272 1505 comprobari
1283 1433 1410 1488 dicebat.
1422 1433 1463 1488 Ex
1475 1433 1572 1488 verbis
1582 1438 1681 1488 autem
1693 1431 1787 1504 ipsius
1800 1433 1923 1488 consti-

204 1543 236 1598 P.
250 1540 285 1596 de
296 1539 439 1614 agrifolio
447 1536 650 1594 archidiaconi
661 1538 691 1590 et
703 1535 734 1589 B.
746 1533 855 1605 prioris
864 1527 1032 1586 claustralis
1086 1522 1209 1578 tutionis
1217 1521 1403 1577 monstrabat
1417 1521 1514 1593 ipsum
1526 1521 1719 1593 prepositum
1730 1519 1841 1576 dictem
1858 1537 1921 1577 cu-

204 1644 340 1698 assensu,
353 1627 496 1684 dilectum
507 1625 603 1682 illium
613 1627 749 1679 nostrum
760 1623 791 1677 P.
805 1619 841 1674 de
853 1620 1031 1674 Castronovo
1085 1627 1151 1667 ram
1162 1610 1198 1666 de
1208 1626 1300 1666 manu
1311 1610 1442 1682 episcopi
1457 1609 1591 1681 accipere
1606 1609 1755 1666 debuisse.
1768 1609 1921 1665 Ceterum

205 1718 241 1775 ad
251 1709 825 1783 vacantemarcbidiaconatumejusdem
831 1708 1032 1764 Ecclesiaano-
1046 1737 1073 1803 B
1088 1716 1123 1755 ex
1133 1698 1241 1755 litteris
1250 1699 1380 1771 episcopi
1388 1697 1922 1771 superhocconquerentisevidenter

206 1806 344 1872 minaret,
358 1803 516 1876 preposito
532 1806 566 1858 ut
580 1799 681 1856 nullus
696 1796 906 1868 ibi,11isiprius
920 1794 1030 1867 duplici
1087 1787 1221 1859 liquebat
1231 1788 1424 1860 praepositum
1435 1803 1496 1843 non
1507 1793 1649 1858 tanquam
1660 1789 1759 1844 Aaron
1771 1803 1787 1843 a
1797 1787 1858 1842 lleo
1870 1803 1922 1842 vo·

205 1909 276 1949 soce
291 1892 347 1948 sibi
358 1907 509 1958 concessa,
521 1890 726 1945 institueretur
737 1903 790 1958 per
800 1884 1031 1958 appellationem
1088 1882 1196 1946 catum,
1208 1877 1260 1933 sed
1271 1893 1288 1932 a
1299 1893 1330 1934 se
1345 1877 1408 1948 ipso
1424 1880 1570 1944 exortum,
1587 1875 1643 1931 sibi
1656 1875 1845 1948 impudenter
1861 1876 1921 1931 ho·

208 1981 414 2053 interpositam
423 1978 763 2049 inhibente,episcopus,
776 1979 839 2030 tum
850 1974 920 2046 quia
929 1977 1032 2028 cantra
1087 1983 1192 2022 norem
1201 1967 1374 2037 sumpsisse.
1392 1965 1474 2022 Unde
1489 1981 1556 2020 cum
1567 1964 1752 2038 privilegium
1763 1970 1922 2020 mereatur

206 2069 361 2142 antiquam
385 2067 569 2141 Magalonen.
585 2065 724 2122 Ecclesiae
740 2061 987 2120 consuetudinem
1003 2064 1033 2116 et
1087 2056 1223 2111 amittere
1239 2056 1290 2126 qui
1300 2056 1454 2127 premissa
1466 2055 1522 2110 sibi
1532 2054 1664 2110 abutitur
1673 2058 1831 2126 potestate,
1849 2058 1915 2108 tam

205 2173 365 2216 commune
376 2157 428 2229 jus
452 2171 600 2212 canonum
617 2171 682 2210 esse
698 2153 815 2210 dicebat
828 2152 961 2222 aliquem
976 2148 1031 2206 sibi
1087 2144 1210 2200 nomine
1221 2145 1351 2216 episcopi
1362 2159 1452 2216 quam
1463 2161 1515 2200 suo
1527 2159 1617 2214 super
1629 2143 1686 2198 hoo
1699 2143 1724 2198 ei
1736 2146 1919 2215 perpetuum

205 2262 307 2304 vocem
323 2245 449 2302 duarum
460 2259 656 2317 personarum
671 2242 703 2299 iu
718 2241 821 2298 eadem
841 2240 919 2297 Eccl.
936 2238 1032 2294 vindi-

204 2352 283 2403 care,
295 2339 358 2390 ium
369 2334 439 2405 quia
449 2350 485 2389 ex
495 2331 681 2405 indulgentia
691 2331 766 2402 (103)
775 2330 825 2386 iol.
838 2345 928 2384 mem.
938 2327 1031 2384 Gale-

205 2424 275 2482 stini
289 2439 372 2496 papas
386 2421 615 2496 praedecessoris
630 2420 735 2488 nostri,
752 2435 842 2491 quam
857 2419 886 2473 in
901 2416 1031 2489 capitulo

203 2517 350 2585 praesenta
363 2511 521 2583 praeposito
536 2509 594 2582 legi
605 2509 685 2578 iecit,
703 2508 759 2564 sibi
772 2507 917 2580 probabat
930 2505 1031 2562 indul-

206 2606 268 2656 tum
283 2607 317 2657 ut
331 2606 484 2657 vacantem
505 2598 778 2656 archidiaconatum
794 2597 839 2652 vel
854 2595 1030 2664 sacristiam,

1086 2232 1357 2306 silentiumimponi
1368 2233 1500 2304 petebat:
1513 2247 1684 2304 proponens
1696 2231 1774 2304 quod
1786 2230 1919 2304 dignitas

1087 2328 1251 2379 memorata
1266 2339 1327 2378 non
1342 2321 1400 2377 nisi
1416 2320 1592 2378 sacerdotali
1611 2321 1745 2394 fungenti
1763 2319 1863 2376 officio
1880 2319 1918 2376 de

1083 2410 1152 2483 jure
1168 2411 1335 2482 etantiqua
1350 2409 1534 2482 biagalonen.
1546 2409 1686 2465 Ecclesia
1696 2408 1917 2465 consuetudine

1084 2499 1184 2556 fuerat
1194 2499 1375 2555 conferenda
1385 2515 1393 2566 ;
1405 2499 1597 2571 praepositum
1610 2501 1753 2566 vero,tam
1761 2497 1918 2553 debilitate

1087 2605 1176 2659 quam
1187 2587 1514 2660 deformitateccrporis
1522 2587 1713 2659 impediente,
1723 2586 1761 2643 ad
1773 2585 1916 2643 sacerdo·

204 2690 229 2744 gi
241 2695 345 2746 comm
355 2705 514 2761 personam
527 2687 564 2744 ab
580 2688 644 2760 ipso
658 2687 843 2743 nominatam
854 2685 968 2758 aliquid
983 2701 1032 2740 ra·
1086 2677 1161 2732 tium
1173 2677 1339 2750 promoveri
1350 2693 1411 2732 non
1422 2693 1508 2748 posse
1524 2675 1692 2732 affirmabat
1702 2676 1850 2731 inslallier
1866 2675 1917 2731 di-

206 2778 348 2834 tionabile
359 2783 389 2834 et
399 2779 575 2834 canonicum
587 2781 754 2848 nonpossot
765 2775 991 2848 legitimeobjici
1003 2781 1032 2831 et
1086 2781 1157 2822 cent
1169 2771 1284 2838 pellem
1296 2766 1546 2838 episcopi‚utpote
1557 2765 1702 2838 maj0rem
1713 2771 1742 2819 tl
1752 2763 1916 2834 lanimem.

206 2864 1031 2939 probarinonobstantocootraoicuonevelappeuaaooe
1086 2854 1283 2910 nonobstante
1298 2855 1387 2910 nnius
1403 2853 1614 2926 appellatione,
1627 2853 1732 2909 merito
1751 2854 1916 2910 secundum

206 2954 340 3010 conferre
355 2954 467 3009 dictum
481 2956 513 3009 Ρ,
530 2952 566 3010 do
580 2953 703 3025 praerato
722 2951 963 3008 archidiaconatu
978 2969 1031 3024 per
1086 2944 1259 2999 lateranen.
1277 2943 1438 2999 concilium
1462 2941 1607 2999 obtinere.
1624 2943 1751 3014 lnsuper
1765 2942 1915 3016 allegans,

209 3058 296 3098 suum
318 3039 462 3096 annulum
488 3041 645 3110 investivit,
671 3041 701 3095 in
716 3041 815 3096 locum
828 3039 1031 3096 archidiaconi
1087 3033 1914 3107 eumdemprepositumappellationirenuntiassespon·

209 3129 404 3202 corporaliter
413 3129 498 3185 illum
510 3129 665 3186 inducens.
679 3130 761 3186 Unde
773 3131 944 3186 nominatus
955 3147 1032 3202 pras-
1046 3107 1071 3173 (ἶ
1085 3129 1207 3179 teneam
1218 3123 1391 3194 interjecta.
1404 3123 1477 3177 Cum
1488 3123 1568 3177 enim
1579 3121 1677 3177 taliter
1687 3121 1916 3194 appellasset‚ut

204 3219 320 3291 positus
336 3217 548 3291 indignationis
564 3218 693 3274 stimulis
714 3220 851 3292 agitatus,
877 3218 970 3275 alium
993 3219 1031 3275 ad
1086 3213 1198 3280 nullus,
1211 3211 1270 3266 nisi
1285 3211 1397 3282 duplici
1412 3211 1467 3266 sibi
1493 3225 1562 3266 voce
1587 3227 1739 3278 concessa,
1766 3211 1915 3267 archidia-

204 3305 343 3362 eumdem
363 3306 637 3364 archidiaconatum
662 3308 851 3379 postmodum
875 3309 1031 3365 nominare
1085 3318 1178 3358 conus
1194 3303 1317 3357 deberet
1331 3301 1446 3356 institui
1460 3306 1490 3357 et
1503 3301 1567 3372 ipse
1581 3301 1617 3357 ad
1633 3301 1853 3358 institutionem
1869 3303 1915 3358 al-

204 3395 404 3468 prasumpsit.
418 3395 509 3468 Cujus
519 3394 588 3451 iacti
600 3396 754 3452 occasiaue
766 3413 833 3452 cum
845 3402 904 3453 tam
915 3413 1032 3470 praepo-
1086 3392 1179 3448 terius
1188 3391 1348 3464 procedere
1356 3389 1914 3458 attentaret,contrarioactuconvince·

206 3484 281 3540 situs
304 3501 393 3556 quam
417 3483 557 3556 praefatus
579 3485 610 3539 P.
635 3485 797 3556 apostolico
814 3503 844 3542 se
859 3486 1031 3558 conspectui
1085 3479 1352 3535 batursecundum
1372 3476 1620 3534 consultationem
1650 3477 1735 3534 bonae
1759 3479 1913 3534 memoria

210 3577 442 3646 praesentassent
457 3577 486 3628 et
500 3589 554 3629 nos
564 3573 595 3629 in
610 3573 719 3629 minori
734 3579 805 3631 tuno
815 3575 913 3632 officio
925 3575 1032 3632 consti·
1085 3568 1312 3642 predecessoris
1326 3567 1420 3623 nostri
1437 3567 1545 3622 Urbani
1557 3583 1640 3638 papae
1650 3567 1686 3623 ab
1701 3566 1913 3640 appellationis

209 3667 289 3718 tutos
301 3665 330 3716 et
341 3661 465 3718 dilectos
476 3661 554 3717 iiiios
567 3666 684 3718 nostras
697 3662 728 3718 li.
740 3667 773 3718 tt.
787 3663 883 3720 Sancti
900 3665 979 3719 Petri
994 3662 1031 3720 ad
1086 3657 1231 3714 beneficio
1247 3656 1416 3713 recessisse.
1429 3655 1472 3711 ad
1483 3655 1671 3712 diffinitionis
1682 3661 1780 3713 autem
1795 3657 1911 3712 articu-

1853 238 1911 292 aas
1960 209 1961 214 ‘

209 3750 334 3805 Vincula
345 3750 467 3805 etbcnae
478 3767 567 3806 mem.
578 3752 613 3805 bi.
627 3756 660 3807 tt.
673 3751 825 3808 S.loannis
835 3753 1030 3826 etPaulipre·
1085 3748 1148 3803 lum
1159 3745 1912 3818 taliterrespondebat,asserensepiscopumsecun·
1960 3729 1961 3752 ³

207 3837 343 3910 sbytercs
354 3838 433 3894 card.
447 3838 630 3910 recepissent
641 3839 671 3895 in
680 3841 741 3896 suis
753 3841 968 3913 questionibus
978 3859 1033 3898 au·
1086 3838 1157 3894 dum
1168 3841 1301 3892 tenorem
1313 3833 1500 3890 diffinitionis
1508 3832 1912 3906 rationabiliterprocessisse

206 3925 490 3997 ditores,praeposita
502 3925 663 3998 objiciente
674 3926 891 3985 institutionem
901 3929 1032 4002 episcopi
1086 3927 1230 4000 adjiciens
1251 3925 1340 3979 etiam
1355 3921 1434 3995 quod
1455 3922 1631 3994 prepositus
1653 3921 1794 3978 ecclesias
1810 3921 1912 3977 Sancti

206 4012 656 4085 postappellationemetccntra
665 4016 1032 4074 diffinitionemfelicisre-
1086 4014 1209 4072 firmini
1219 4019 1248 4070 et
1258 4012 1293 4069 de
1306 4013 1415 4068 liarino
1426 4011 1594 4080 retinendo,
1609 4015 1712 4067 contra
1721 4011 1816 4082 ipsam
1827 4010 1912 4066 diiii-

205 4099 386 4157 cordationis
398 4101 557 4157 Alexandri
567 4104 619 4158 PP.
631 4105 859 4176 praedecessoris
870 4108 964 4163 nostri
978 4112 1032 4165 eta
1087 4105 1231 4160 nitionem
1241 4102 1352 4158 iecerat
1362 4099 1519 4156 manifeste
1530 4105 1559 4155 et
1569 4099 1635 4155 idea
1648 4099 1712 4171 ejus
1723 4099 1867 4156 auxilium
1876 4099 1913 4156 de

207 4189 582 4263 suspensoiactamcassari
594 4190 738 4262 deborae
748 4195 888 4266 predicto
900 4199 943 4266 1³,
956 4198 1030 4253 sicui
1083 4195 1151 4266 jure
1168 4209 1227 4249 non
1243 4197 1359 4263 poterat
1373 4189 1518 4245 invocaro.
1540 4188 1583 4243 rid
1609 4189 1814 4260 suspensionis
1830 4188 1915 4261 obje-

207 4279 322 4347 assorit,
335 4278 372 4335 ad
384 4279 729 4352 singulaiuitbocmcdo
741 4301 928 4356 responsum,
946 4288 1031 4343 scili·
1087 4285 1216 4340 ctionem
1232 4297 1267 4336 cx
1281 4279 1403 4336 adversa
1414 4279 1533 4334 dicebat
1547 4277 1626 4350 quod
1649 4277 1805 4350 episcopus
1828 4279 1913 4350 prius

204 4367 1031 4442 cetquodappellationemipsamnulliusconstabatesse
1087 4373 1216 4445 legitime
1237 4369 1434 4442 appellavitet
1448 4367 1515 4424 ideo
1532 4368 1680 4423 sententia
1693 4367 1829 4439 postlata
1840 4368 1913 4424 nul-

206 4457 351 4512 momenti
364 4473 371 4524 ;
385 4461 448 4512 tum
460 4457 530 4528 quia
540 4473 557 4512 a
569 4474 713 4531 suspenso
728 4461 825 4518 iuerat
834 4465 1027 4537 appellatum,
1044 4473 1071 4538 D
1089 4462 1207 4518 latenus
1217 4457 1375 4514 tenebatur
1385 4457 1524 4513 astrictus
1537 4473 1544 4524 ;
1559 4473 1728 4529 proponens
1739 4456 1826 4512 etiam
1842 4473 1915 4512 con-

209 4543 290 4616 qucd
305 4542 335 4600 in
351 4546 516 4602 continenti
532 4563 564 4602 se
574 4547 648 4603 velie
662 4549 789 4620 probare
802 4551 928 4624 dicebat,
941 4573 1033 4627 quare
1089 4547 1262 4606 ditionalem
1282 4552 1312 4603 et
1335 4545 1372 4601 ad
1387 4551 1505 4618 tempus
1519 4545 1609 4602 latam
1625 4545 1716 4600 fuisse
1732 4545 1914 4601 senientiam

212 4632 296 4688 illius
310 4649 371 4689 nan
386 4635 530 4691 intererat
540 4637 690 4708 appellare
705 4643 847 4697 etcontra
858 4642 966 4700 dictam
983 4646 1034 4701 in.
1089 4635 1250 4704 interdicti,
1264 4635 1378 4691 scilicet
1388 4634 1482 4690 donec
1493 4633 1663 4706 apostolicis
1674 4633 1808 4689 obediret
1822 4649 1912 4690 man-

212 4721 958 4802 dutgeoaamappellatiointerposuaconterebam
971 4739 1034 4790 tum
1089 4727 1176 4784 datis.
1193 4723 1275 4781 Unde
1297 4740 1364 4779 curn
1381 4723 1575 4780 antedictam
1594 4722 1811 4779 institutionem
1836 4721 1915 4778 selis

212 4810 407 4882 quiacausam
418 4812 523 4884 injure
534 4813 1035 4893 prohibitam,scilicetduplioisvo-
1089 4815 1258 4891 apostolica
1270 4813 1457 4888 jussionibus
1469 4813 1625 4884 paruisset,
1642 4818 1702 4868 tam
1717 4812 1810 4868 civilis
1825 4829 1914 4884 quam

210 4899 253 4956 cis
263 4899 631 4974 veldignitatis‚quaenulli
642 4907 1034 4976 quantumlibetexeroitatae
1089 4903 1224 4965 canonici
1237 4903 1316 4977 juris
1326 4918 1453 4958 censura
1467 4901 1670 4958 indubitanter
1684 4901 1781 4958 iuerat
1795 4901 1914 4958 absolu·

208 5005 345 5060 persona
357 4989 1034 5058 secundumcanonicassanctionesdebetcon·
1089 5003 1155 5062 tus;
1172 4991 1337 5066 prasertim
1349 5007 1417 5047 oum
1428 4990 1478 5046 ille
1495 4989 1545 5062 qui
1556 5006 1625 5046 eum
1636 4990 1842 5062 suspenderat,
1858 4991 1914 5062 ipsi

209 5077 297 5147 mitti,
314 5079 345 5134 in
360 5078 456 5134 forma
473 5080 683 5152 appellationis
703 5087 867 5157 expressit;
887 5073 968 5144 unde
983 5090 1035 5146 tali
1089 5091 1122 5143 ut
1132 5084 1219 5157 piene
1231 5079 1404 5136 absolutoin
1416 5078 1554 5135 omnibus
1565 5079 1913 5135 communicareminime

209 5167 569 5239 appellationinoniuisse
581 5169 785 5243 deferendum,
796 5192 831 5231 ex
841 5179 1036 5236 consultatio·
1090 5174 1249 5232 dubitaret.
1261 5169 1305 5225 lid
1318 5168 1458 5224 ultimum
1474 5167 1673 5224 concludebat
1687 5166 1768 5240 quod
1778 5168 1833 5224 etsi
1849 5185 1914 5224 vere

207 5255 1035 5335 nefelicismemoriaeAlexandriPP.probabat,neccon-
1091 5277 1253 5336 suspensus
1277 5262 1356 5314 esset
1381 5257 1539 5330 episcopus
1564 5262 1757 5326 memoratus,
1783 5262 1915 5314 tamena

208 5343 395 5401 stitutionem
406 5347 523 5402 benaici
533 5347 682 5420 quondam
690 5349 1036 5428 Albanenepiscopiau·
1090 5351 1249 5428 proposito
1261 5348 1317 5404 hoc
1329 5347 1355 5403 ei
1366 5363 1430 5402 non
1440 5351 1542 5418 posset
1552 5346 1663 5419 opponi
1676 5363 1683 5415 ;
1696 5347 1766 5418 quia
1780 5363 1848 5404 cum
1862 5363 1914 5420 pro

243 5485 317 5557 (102)
333 5487 402 5559 Cap.
419 5488 486 5544 Cum
500 5491 574 5560 clim,
591 5492 631 5547 lie
651 5496 727 5551 sent.
755 5496 785 5549 et
798 5511 829 5551 re
841 5494 935 5569 judic.
963 5497 1034 5557 Vide
1125 5493 1203 5570 (103)
1213 5495 1255 5548 Eu
1279 5489 1429 5548 Caelestini
1451 5490 1490 5544 Ill
1510 5489 1595 5546 Bulla
1610 5489 1688 5547 edita
1701 5506 1719 5546 a
1733 5491 1765 5546 ll.
1781 5490 1811 5546 C.
1828 5490 1913 5548 Petro

208 5572 288 5632 inibo
301 5573 386 5647 epist.
404 5578 466 5636 bii.
1089 5581 1237 5645 Gabriello
1252 5579 1287 5636 in
1303 5577 1383 5635 Serio
1399 5573 1563 5650 episcopor.
1577 5577 1720 5652 Megalen.
1732 5593 1798 5652 pag.
1814 5579 1877 5636 att.
