3948 6070
621 295 873 352 resumeretis
892 293 989 350 ΑΝΝΟ
1008 294 1045 363 ll,
1064 293 1203 352 CHRISTI
1223 297 1302 351 tiss.
1755 295 1810 352 810

450 421 577 477 ccxttx
940 421 975 488 A
988 417 1329 494 dominationisejectus,
1340 419 1372 475 in
1381 418 1579 491 captiuutsm
1588 416 1713 477 forsitan
1723 419 1812 480 deve-

269 527 379 566 arusnro
399 527 604 567 sneurnrscono
623 526 657 567 ur
676 527 749 573 ourz.
982 509 1073 579 niret,
1089 509 1146 566 nisi
1162 509 1282 567 vassalli
1298 509 1363 582 ejus
1375 525 1429 581 pro
1452 509 1630 565 liberatione
1653 511 1733 583 regia
1747 527 1808 568 non

138 601 212 656 Cum
227 598 344 656 anobis
359 599 471 674 petitur
494 599 574 672 quod
585 600 700 672 justum
723 603 777 668 est,
795 601 862 667 etc,
879 615 925 654 ar·
982 599 1079 656 solum
1093 615 1142 656 res
1157 617 1225 656 suas
1242 604 1425 673 exponerent
1448 597 1499 654 sed
1528 614 1682 671 personas,
1705 616 1806 658 nonne

101 688 342 746 chidiaconatum
355 689 392 744 de
407 689 477 755 Qun
491 705 559 746 cum
574 689 712 745 omnibns
737 687 926 760 pertinentiis
980 705 1049 745 cum
1071 690 1281 746 restitueretur
1308 687 1443 761 pristine
1469 687 1601 744 libertati
1617 691 1647 744 et
1661 688 1810 762 acciperet

96 780 170 848 suis,
186 777 265 836 sicut
278 780 376 853 ipsum
389 778 472 851 juste
487 778 623 852 possides
639 782 669 835 et
683 777 794 851 quiete,
811 781 879 848 eto,
895 783 927 834 ut
979 784 1097 852 tempus
1106 779 1254 853 justitiam
1261 779 1428 853 judicandi,
1440 777 1578 834 infideles
1594 795 1644 835 eos
1658 784 1689 835 et
1702 779 1805 852 prodi·

96 861 193 941 sepse,
208 869 287 926 Nulli
302 885 382 942 ergo,
402 871 458 924 etc.
978 873 1058 924 tores
1071 868 1169 941 regios
1183 874 1214 925 et
1224 868 1304 925 velut
1320 869 1399 925 lesse
1418 867 1583 941 majestatis
1596 884 1664 925 reos
1680 868 1805 926 demna-

472 957 547 1014 GCL.
978 955 1053 1012 biles
1074 961 1227 1031 reputaret
1241 961 1270 1013 et
1284 956 1429 1030 quosdam
1445 973 1548 1013 eornm
1563 956 1721 1014 damnaret
1735 973 1802 1014 sus·

149 1061 284 1104 ssersrao
303 1061 422 1103 marco
442 1061 580 1103 earonmo
599 1060 737 1102 scemam
756 1061 870 1102 sanare
977 1045 1096 1118 pendio,
1113 1045 1258 1119 quosdam
1283 1061 1426 1103 mucrone
1449 1043 1553 1102 feriret
1577 1050 1608 1102 et
1621 1045 1802 1120 excogitaret

282 1149 426 1191 maranus
446 1149 729 1190 mrsssrnvsnsnsrs.
977 1135 1066 1192 etiam
1081 1135 1186 1192 mortis
1195 1136 1341 1192 hacteuus
1357 1134 1554 1208 inexcogitata
1567 1137 1717 1192 tormenta
1731 1137 1799 1208 qui·

237 1223 396 1294 (Laterani,
425 1239 494 1279 xrru
522 1223 585 1280 Kal·
614 1221 779 1294 Ianuarii.)
974 1229 1031 1287 bus
1043 1233 1137 1289 malos
1150 1233 1229 1289 male
1238 1232 1386 1306 perderet,
1399 1237 1427 1288 et
1439 1233 1470 1289 in
1485 1231 1676 1290 bonaeorum
1693 1233 1797 1292 fideles

131 1315 204 1370 Cum
219 1328 236 1368 a
250 1312 337 1368 nobis
352 1313 472 1384 petitur,
498 1317 567 1380 etc„
582 1328 667 1384 usque
686 1312 850 1368 adverbum
865 1327 920 1367 en·
974 1318 1091 1393 aliquos
1101 1319 1413 1394 subrogaret‘tNomne
1425 1319 1563 1377 similiter
1570 1320 1653 1378 lesus
1662 1322 1796 1379 Christus

93 1409 232 1471 nitentes,
248 1401 441 1475 praebendttm
454 1401 587 1458 ecclesias
602 1401 699 1457 Sancti
711 1399 862 1456 Michaelis
871 1398 919 1455 Ul·
974 1411 1034 1465 Rex
1049 1425 1153 1483 regum
1163 1415 1192 1466 ei
1203 1411 1346 1467 Dominus
1357 1410 1588 1480 dominantium,
1598 1411 1684 1484 cnjus
1695 1417 1723 1468 te
1735 1429 1799 1468 ser.

94 1490 307 1563 tresylranen..
324 1505 392 1546 cum
411 1488 551 1545 omnibus
565 1487 743 1561 pertinentis
758 1487 831 1555 suis,
843 1486 921 1543 sicut
973 1515 1041 1556 vum
1054 1516 1119 1556 ,3550
1134 1517 1196 1556 non
1211 1516 1311 1574 negas,
1325 1499 1376 1572 qni
1388 1503 1417 1556 et
1430 1515 1537 1572 corpus
1552 1505 1582 1556 et
1595 1501 1727 1558 animam
1742 1501 1797 1558 nni

92 1597 159 1637 flam
169 1580 251 1652 jusit*
266 1585 296 1636 θῑ
308 1579 407 1652 quiem
427 1578 573 1652 P⁰³³id0b
589 1578 765 1635 ὃῦὒῑθΐὶῑᾶῑθ
780 1576 832 1632 libi
847 1591 919 1647 ἃΡΟ·
973 1590 1109 1659 contulit,
1124 1591 1175 1663 qui
1187 1595 1215 1646 te
1226 1608 1278 1648 suo
1294 1591 1437 1664 sanguine
1451 1591 1581 1664 pretioso
1596 1591 1733 1660 redemit,
1743 1593 1795 1665 qui

93 1665 917 1741 ⁸i⁰li⁰⁸⁰⁰11flrm⁸m¹¹⁸elimentisSssriPfiPllif⁰⁰issi⁰
972 1695 1096 1753 regnum
1108 1680 1160 1736 tibi
1172 1681 1328 1748 concessit,
1344 1681 1436 1752 quiet
1449 1681 1545 1737 rivere
1559 1679 1614 1736 tibi
1629 1682 1756 1739 contulit
1765 1685 1796 1738 et

92 1759 325 1816 mmmmm&
341 1757 419 1816 Nulli
435 1774 515 1831 ⁰¹8⁰,
532 1762 588 1814 θῐῢ·
607 1757 635 1812 Si
652 1756 719 1829 ‘llliss
733 1759 843 1827 &Hiems
860 1759 915 1812 θῑΰ·
932 1769 1096 1859 Bmeveri,
1113 1774 1142 1826 et
1154 1769 1369 1842 universaquae
1383 1769 1476 1826 hahes
1489 1768 1707 1837 bonadonavit,
1722 1787 1792 1828 cum

131 1849 235 1905 Datum
252 1847 399 1917 [mertinis
415 1861 483 1902 ΜΠ
498 1845 561 1903 Kal·
576 1845 719 1902 illumi·
973 1856 1050 1914 nihil
1063 1858 1174 1914 habeas
1187 1857 1267 1930 quod
1282 1857 1318 1914 de
1333 1857 1427 1930 ipsius
1442 1873 1566 1914 munere
1581 1860 1741 1932 acceperis,
1757 1858 1794 1917 de

459 1953 546 2010 ceti.

307 2057 428 2100 uuusrnr
447 2059 509 2100 asor
528 2058 701 2100 raineonurs.

96 2135 132 2190 Ut
150 2135 210 2204 regi
230 2133 475 2203 Hierosolymitone
502 2136 599 2188 contre
623 2132 787 2188 Sarracenos
808 2131 917 2187 cecilie

128 2207 221 2260 mutet
233 2211 260 2260 et
274 2205 428 2262 (trecorum
449 2205 610 2275 imperatori
622 2204 724 2260 scribet
739 2209 769 2260 ut
783 2204 818 2258 ub
832 2205 918 2259 intes·

129 2279 195 2332 tirts
209 2281 309 2332 contro
322 2275 491 2334 Christianos
503 2275 579 2331 bellis
593 2275 737 2332 obeducct.

128 2377 227 2449 Nuper
236 2376 274 2433 ad
284 2393 340 2432 uos
350 2375 546 2432 charissimus
556 2375 587 2430 in
598 2374 714 2430 Christo
726 2373 806 2430 illius
814 2377 917 2430 noster

92 2467 126 2522 Α.
141 2481 193 2522 rex
208 2465 544 2537 Hierosolymitanorum
559 2463 685 2520 illustris
700 2479 769 2520 suos
784 2478 852 2518 cum
866 2462 917 2518 lit-

92 2557 164 2614 teris
179 2558 301 2612 nuutios
316 2555 483 2624 destinarit,
504 2571 557 2626 per
579 2570 653 2626 quos
668 2553 805 2609 miserias
820 2556 849 2608 et
863 2567 918 2610 ne-

91 2648 246 2702 cessitates
261 2650 348 2702 temne
357 2643 526 2708 orientalis,
538 2659 604 2715 quae
614 2641 762 2716 graviores
777 2647 807 2698 et
815 2641 916 2714 plures

93 2738 164 2790 snut
182 2733 280 2801 solito,
301 2731 389 2789 nobis
416 2732 561 2804 exposuit,
576 2736 606 2788 et
618 2731 791 2787 festinatum
820 2730 918 2787 subsi-

93 2822 177 2878 dium
190 2821 359 2895 postnlarit.
372 2823 445 2878 Cum
456 2822 537 2878 enirn
547 2821 634 2896 pauci
647 2822 708 2878 sint
717 2821 758 2877 ibi
771 2820 807 2878 ad
819 2824 917 2876 custo·

93 2909 174 2966 diam
186 2915 273 2967 terrae
283 2910 390 2978 relicti,
404 2926 470 2982 quse
481 2911 541 2967 lere
553 2927 634 2967 nunc
646 2915 707 2966 tota
717 2910 846 2983 peccatis
857 2908 918 2965 exi·

91 2999 231 3073 gentibus
242 3003 288 3056 est
297 3000 366 3056 viris
377 3004 407 3057 et
421 2998 530 3056 viribus
548 2999 685 3074 spoliata,
697 3000 757 3055 nisi
778 2998 919 3056 eisluerit

971 1945 1192 2021 ingratitudinis
1207 1947 1276 2003 vitio
1286 1951 1315 2003 et
1328 1946 1409 2003 velut
1423 1945 1610 2004 infidelitatis
1622 1948 1748 2006 crimine
1764 1953 1793 2006 te

970 2035 1137 2106 damnaret,
1151 2037 1176 2092 si
1186 2036 1214 2093 ei
1222 2037 1317 2110 eiecto
1328 2035 1364 2093 de
1373 2039 1452 2093 terra
1462 2052 1552 2109 quem
1561 2037 1658 2111 pretio
1669 2037 1714 2094 sui
1726 2053 1794 2094 sen·

970 2125 1068 2198 guinis
1094 2126 1276 2199 compararit
1299 2131 1329 2182 et
1344 2141 1363 2182 a
1376 2125 1548 2183 sarracenis
1570 2125 1603 2183 in
1632 2124 1792 2183 salutifere

971 2214 1067 2271 crucis
1080 2214 1161 2288 ligno
1176 2214 1261 2287 quasi
1276 2215 1389 2288 captivo
1404 2214 1525 2273 detento
1541 2215 1706 2289 negligeres
1721 2215 1793 2272 sub·

970 2303 1069 2360 venire
1080 2303 1094 2359 i
1107 2305 1180 2360 Cum
1205 2303 1322 2360 etiamsi
1346 2303 1475 2376 quodam
1490 2304 1517 2360 ei
1533 2309 1593 2361 tam
1609 2305 1641 2360 in
1657 2309 1685 2360 te
1701 2321 1791 2377 quem

970 2392 1002 2448 in
1018 2392 1076 2448 tuis
1090 2397 1229 2465 potenter
1250 2390 1434 2460 subveneris,
1449 2391 1520 2464 qnia
1542 2395 1643 2449 menen
1658 2392 1793 2450 nondum

970 2485 1016 2537 est
1027 2479 1170 2538 liberatus
1180 2485 1210 2537 et
1224 2481 1324 2537 omnia
1335 2480 1415 2537 bona
1428 2497 1494 2552 qnae
1507 2479 1610 2550 babes,
1623 2479 1794 2554 ipsiuspos·

971 2568 1068 2626 sideas
1082 2569 1159 2625 dono
1170 2569 1288 2638 collata,
1301 2569 1333 2625 in
1348 2568 1481 2625 districto
1495 2567 1665 2625 norissima
1680 2569 1793 2626 discus·

972 2656 1791 2731 sionisexamine‚quandoreddetunicniquesecundum

971 2764 1062 2820 opera
1075 2763 1138 2816 sua,
1154 2753 1183 2804 te
1198 2763 1299 2804 eoram
1310 2764 1344 2804 eo
1354 2763 1415 2803 non
1426 2762 1529 2820 posses
1543 2746 1732 2819 aliquatenus
1748 2763 1796 2803 ex·

971 2853 1086 2907 cusare,
1103 2837 1163 2893 nisi
1176 2837 1203 2893 ei
1215 2837 1364 2893 curareris
1375 2837 1406 2892 in
1417 2841 1508 2894 tante
1522 2836 1709 2894 necessitatis
1724 2835 1797 2893 arti-

972 2927 1038 2984 culo
1055 2927 1221 2984 subvenire.
1243 2927 1385 2984 Mittimus
1404 2931 1505 2984 autem
1533 2926 1571 2983 ad
1599 2933 1627 2983 te
1656 2927 1796 2983 nuntium

971 3017 1049 3091 regis
1064 3016 1168 3089 ipsius,
1185 3016 1236 3090 qui
1252 3015 1406 3073 serenitati
1422 3020 1479 3072 tuae
1494 3015 1613 3089 plenius
1637 3015 1795 3072 orientalis

93 3089 151 3145 ⁰ii⁰
164 3087 351 3157 ⁸¹¹bl0¹¹¹¹¹m=
364 3093 424 3145 mm
437 3094 523 3145 lm
534 3105 623 3161 qnam
635 3089 736 3162 l>⁰ll¹¹li
751 3088 918 3162 P0f5⁰¹¹l¹¹¹¹²
971 3106 1131 3179 provincias
1143 3106 1337 3163 necessitates
1352 3109 1482 3178 exponat
1491 3109 1521 3161 et
1533 3103 1639 3162 reddat
1648 3104 1684 3161 de
1700 3103 1796 3161 omni·

90 3176 281 3244 formidatur,
297 3176 376 3249 quod
390 3193 426 3234 ex
441 3177 589 3234 discordia
605 3179 845 3248 sarracenorum,
861 3177 913 3250 qui
928 3166 954 3233 G
971 3195 1027 3254 bus
1038 3195 1367 3262 cernorgmpuigvem
1381 3194 1727 3266 Constantinopolim,
1738 3193 1797 3251 im.

92 3266 207 3338 seipsos
222 3265 407 3340 impugnant,
418 3266 534 3323 ridetur
544 3266 688 3323 Dominus
703 3267 848 3324 hactenns
859 3267 917 3324 mi-

92 3353 284 3411 sericorditer
298 3354 470 3427 impedisse.
488 3354 516 3410 Si
533 3371 600 3411 vero
616 3360 777 3428 antequam
791 3355 916 3412 redeant

91 3444 129 3500 ad
142 3443 342 3512 concordiam,
358 3459 522 3517 congruum
546 3442 712 3500 subsidium
735 3444 914 3514 mitteretur,

91 3538 228 3605 speratur
241 3549 295 3607 pro
307 3537 389 3589 certo
403 3532 483 3604 quod
496 3532 585 3588 lacile
599 3537 701 3604 posset
709 3533 766 3588 boc
781 3538 915 3604 temporo

92 3622 361 3696 Hierosolymitaua
388 3621 540 3694 provincia
565 3619 710 3678 liberari.
735 3621 786 3677 Sin
815 3625 914 3677 autem

89 3712 173 3783 prius
187 3711 333 3766 redierint
342 3709 577 3766 adconcordiam
588 3725 677 3781 quarn
688 3709 854 3767 subsidium
863 3710 915 3767 de-

90 3801 354 3868 stinetur,timetur
363 3799 400 3856 ab
411 3798 552 3854 omnibus
566 3798 646 3870 quod
660 3797 814 3856 residuum
825 3805 913 3856 terrre

89 3890 126 3946 de
140 3889 221 3946 lacili
236 3889 365 3945 debeant
375 3887 520 3944 obtinere.
534 3889 688 3944 lionemus
697 3887 787 3961 igitur
799 3888 915 3944 sereni-

92 3983 184 4035 tatem
200 3978 311 4051 regiam
328 3982 357 4033 et
371 3975 563 4033 exhortamur
577 3977 608 4033 in
624 3976 761 4045 Domino,
778 3981 807 4032 et
821 3977 852 4032 in
866 3991 915 4032 re-

91 4067 267 4126 missionem
282 4066 467 4140 injungimns
477 4070 666 4138 peccatomm
677 4070 823 4137 quatenus
838 4065 916 4122 sicut

89 4157 367 4214 christianissimus
382 4155 532 4228 princeps,
540 4155 626 4229 cujus
638 4154 815 4227 obsequium
829 4154 914 4212 lesus

90 4246 224 4302 Christus
239 4246 270 4301 in
290 4249 373 4302 tanta
400 4245 577 4302 necessitate
606 4244 742 4316 requirit,
765 4244 803 4300 ad
817 4243 915 4300 subsi-

90 4333 173 4390 dium
188 4338 275 4390 terrae
292 4331 402 4390 sanctes
417 4333 575 4408 diligenter
595 4350 629 4390 ac
652 4338 790 4406 potenter
815 4333 915 4389 inten-

88 4421 174 4491 dens,
187 4423 340 4478 universos
363 4423 584 4495 crucesignatos
600 4422 637 4478 de
653 4426 733 4478 terra
748 4427 799 4479 tua
814 4427 914 4478 trans-

970 3290 1089 3358 perator
1103 3283 1244 3342 adversus
1257 3283 1395 3341 eumdem
1415 3297 1516 3357 regem
1530 3283 1693 3355 procedere
1706 3299 1795 3339 ocoe-

970 3375 1054 3430 sione
1068 3374 1156 3447 Gypri
1167 3373 1309 3444 minatur,
1319 3373 1364 3428 rel
1375 3372 1502 3445 dirigere
1513 3377 1619 3430 contra
1631 3387 1699 3430 eum
1715 3387 1796 3428 exer·

969 3464 1061 3519 citum
1075 3464 1240 3536 copiosum,
1257 3467 1287 3518 et
1300 3463 1377 3518 vires
1389 3461 1525 3534 ejusdem
1537 3461 1615 3534 regis
1639 3477 1700 3518 non
1723 3477 1794 3534 sup·

968 3551 1119 3625 petuntad
1128 3549 1615 3621 detensionemliierosolymitanaa
1624 3548 1793 3622 provincie,

968 3639 1080 3697 nedum
1089 3639 1169 3711 quod
1179 3639 1275 3696 eidem
1285 3638 1456 3710 imperatori
1465 3636 1793 3705 valeetobriare;rolu·

969 3745 1035 3784 mus
1047 3727 1246 3785 nibilominus
1256 3731 1285 3782 et
1296 3742 1453 3783 monemus
1463 3730 1610 3798 quatenus
1625 3725 1723 3782 eidem
1734 3727 1794 3782 irn-

968 3817 1098 3890 peratori
1113 3817 1228 3873 litteras
1243 3821 1309 3873 tuas
1324 3815 1379 3872 snb
1388 3831 1422 3871 eo
1434 3819 1538 3872 tenore
1553 3815 1749 3884 transmittes,
1760 3819 1795 3873 ut

968 3907 1000 3963 in
1024 3908 1080 3964 hoc
1102 3906 1227 3963 articulo
1252 3904 1438 3977 tempestatis
1452 3910 1483 3961 et
1496 3906 1673 3962 necessitate
1702 3906 1793 3963 totius

968 3996 1071 4070 populi
1086 3993 1246 4052 Christiani
1255 4011 1315 4053 non
1325 3994 1465 4052 molestet
1471 4010 1572 4068 regem
1582 3994 1731 4064 eumdem,
1743 3995 1791 4054 cui

968 4086 1091 4143 deberet
1116 4085 1214 4158 potius
1234 4085 1402 4141 subvenire.
1431 4083 1531 4140 Addes
1547 4083 1648 4154 etiam,
1665 4083 1743 4157 quod
1766 4085 1790 4140 si

969 4192 1058 4248 super
1072 4177 1128 4233 boc
1138 4190 1241 4248 preces
1252 4178 1318 4231 tuas
1329 4173 1447 4230 duxerit
1459 4173 1635 4243 audiendas,
1647 4172 1726 4245 apud
1737 4189 1792 4230 uos

967 4263 1106 4337 precibus
1125 4263 1237 4321 instare
1252 4262 1369 4320 curabis
1384 4265 1418 4318 ut
1432 4262 1459 4318 ei
1474 4261 1619 4318 iaciamus
1642 4261 1792 4333 justitiam

968 4352 1101 4410 exbiberi
1117 4358 1146 4409 et
1159 4357 1190 4408 tn
1209 4351 1406 4408 nibilominus
1429 4354 1528 4423 partes
1545 4353 1610 4406 tuas
1632 4347 1793 4406 elllcaciter

968 4442 1152 4515 interponas.
1176 4442 1233 4496 Nos
1256 4441 1345 4497 etiam
1361 4437 1399 4495 ad
1413 4437 1552 4495 eumdem
1581 4437 1793 4510 imperatorem

86 4513 196 4569 smmi
211 4526 272 4567 ⁰⁰¹1
297 4509 394 4566 ⁵⁰¹¹¹¹1¹
418 4525 541 4567 1¹¹⁰¹¹0³⁵
565 4510 617 4566 sed
644 4509 817 4582 ⁰⁰fflllell³b
833 4514 864 4565 θῑ
878 4515 909 4566 lu
924 4535 952 4600 1)
967 4535 1089 4602 propter
1102 4529 1159 4586 hoc
1174 4527 1344 4601 specialiter
1358 4526 1525 4584 curarimus
1544 4525 1685 4584 nuntium
1699 4526 1792 4584 desti-

88 4602 151 4675 ipse
167 4599 204 4656 ad
219 4598 424 4656 defensionem
438 4604 524 4654 terrre
535 4599 629 4672 ipsius
644 4602 863 4672 competentem
877 4598 910 4653 in
967 4634 1049 4675 mg·

89 4687 229 4764 expensis
243 4689 302 4746 tuis
315 4689 425 4760 dirigas
438 4704 597 4745 numerum
621 4688 811 4758 bellatorum,
827 4687 912 4761 quasi

88 4779 221 4836 decimas
233 4777 340 4835 saltem
365 4777 481 4834 Christo
509 4777 693 4850 persolvens,
712 4779 754 4834 ita
777 4776 857 4850 quod
877 4793 913 4834 ex

89 4868 283 4925 hoodirinam
293 4863 912 4940 gretiampossispleniuspromereri.Quod

88 4959 112 5016 si
126 4957 228 5015 lorsan
243 4955 403 5013 multitudo
415 4955 448 5011 in
462 4954 543 5011 brevi
555 4955 748 5012 translrstare
759 4971 819 5012 non
828 4960 912 5027 pote-

87 5048 136 5116 rit,
158 5047 274 5120 aliquot
302 5046 409 5103 saltem
439 5045 548 5102 milites
569 5045 672 5114 armis,
702 5045 786 5117 equis
801 5049 830 5100 et
844 5044 912 5101 eliis

87 5137 164 5193 bene
178 5135 287 5193 muniti
306 5133 499 5206 quamcitius
524 5133 700 5208 dirigantur,
726 5134 777 5208 qui
801 5133 832 5189 in
847 5134 912 5206 ejus

89 5225 264 5283 defensione
275 5241 371 5297 usque
386 5222 423 5280 sd
438 5223 565 5280 aliomm
580 5223 738 5281 adrentum
758 5222 913 5279 humiliter

88 5320 118 5371 et
132 5315 235 5373 devote
250 5314 413 5389 persistant
425 5319 455 5371 et
469 5329 535 5370 eam
563 5314 600 5371 ab
628 5313 749 5370 incursu
779 5313 911 5370 bostium

87 5409 235 5462 tueantur.
247 5403 419 5472 Considera,
432 5402 474 5459 lili
485 5402 670 5471 charissime.
681 5399 911 5461 cousideredili·

86 5496 199 5567 genter,
209 5493 290 5565 quod
304 5492 328 5549 si
343 5507 396 5548 rex
406 5491 515 5564 aliquis
527 5491 702 5564 temporalis
713 5491 750 5548 de
760 5495 841 5550 terre
850 5505 911 5548 suas

121 5606 196 5682 (ur)
211 5606 283 5665 Vide
298 5607 386 5666 Gesta
396 5607 498 5668 innoc.
514 5607 561 5666 lli.

1001 4711 1034 4764 irs
1057 4707 1180 4764 eumdem
1206 4707 1264 4777 {ers
1287 4705 1398 4762 modum
1421 4705 1554 4776 scriptum
1577 4711 1617 4764 est
1638 4721 1722 4780 super
1742 4707 1791 4766 bor

965 4796 1070 4854 illustri
1085 4797 1145 4866 regi
1158 4795 1324 4866 duplorum.

1326 4883 1427 4940 cetu.

1018 4989 1139 5032 amasa
1165 4989 1262 5030 morsis
1287 4987 1365 5030 nnsis
1390 4989 1568 5032 smnicsun
1586 4991 1621 5031 sn
1644 4989 1735 5031 rursu

1276 5079 1474 5120 munerarius.

1125 5153 1314 5225 apostolicum
1334 5153 1472 5209 scottiam
1487 5153 1627 5225 inploret.

1002 5241 1075 5315 (itt)
1091 5241 1262 5300 Reverendo
1277 5242 1309 5298 in
1323 5240 1439 5298 Christo
1455 5241 1534 5298 Patri
1550 5245 1581 5297 et
1600 5239 1722 5297 domino
1736 5241 1787 5298 Irr-

965 5348 1100 5390 nocssrro
1116 5333 1168 5389 Dei
1182 5331 1278 5407 gratie
1303 5347 1419 5388 summo
1435 5330 1570 5403 pontiilci
1586 5334 1615 5388 et
1628 5329 1789 5388 universali

964 5438 1059 5495 pape,
1077 5426 1159 5478 tanto
1188 5421 1300 5493 talique
1322 5420 1435 5478 honore
1462 5419 1650 5493 dignissimo,
1666 5419 1723 5477 on
1736 5435 1791 5494 per

965 5510 1101 5568 eamdem
1113 5514 1143 5568 st
1152 5510 1277 5569 Romani
1288 5507 1497 5583 impgretiam
1506 5523 1560 5566 rex
1569 5507 1790 5584 Armeniorum,
