3952 6042
160 218 211 264 crs
344 179 350 186 '
626 225 628 232 ·
836 194 1038 252 mesonma
1056 193 1091 250 ιιι
1111 193 1215 253 reem
1805 205 1889 246 cm

160 333 209 404 qui
223 333 335 388 uerterat
348 331 378 386 in
392 337 508 386 terram.
523 324 714 396 Applicnimus
731 321 857 394 proinde,
876 326 986 379 auctore
1000 327 1030 392 Α
1044 322 1074 377 in
1088 323 1213 394 partibus
1234 321 1303 393 illis,
1330 320 1438 379 diabolo
1465 320 1627 396 instipante,
1653 317 1784 389 orcocril,
1815 318 1895 390 ipse

160 419 280 476 Domino
295 417 335 473 ad
349 425 456 490 portum
471 411 684 470 Antiochenam.
701 411 758 467 ilex
771 417 864 466 antem
885 412 985 466 Arme·
1036 412 1113 469 uobis
1125 411 1292 484 prudentius
1308 410 1482 469 ennarrabit.

107 537 111 546 ·
159 509 217 566 niae
231 509 405 579 applicuerat
417 503 492 560 circa
505 500 689 574 pertinentias
704 497 862 556 Antiochen.
883 498 985 556 Secun-
1073 502 1130 572 Epo
1143 516 1217 568 uero,
1233 507 1343 570 Petrus,
1359 500 1436 558 tituli
1458 499 1558 557 Sancti
1580 498 1708 557 Marcelli
1725 497 1893 572 presbyter

160 597 195 652 da
210 597 254 652 die
265 595 433 652 intravimus
448 601 551 648 terram
565 588 729 655 Antiochiae,
745 589 802 657 Quo
815 587 924 656 audito,
941 585 986 659 sc·
1039 589 1200 659 cardinalis,
1216 591 1328 647 insinuo
1340 591 1504 661 paternitati
1518 593 1624 656 oestrte,
1641 588 1712 662 quod
1734 590 1766 644 in
1787 603 1892 656 supe.

160 684 296 740 stinanter
308 685 435 738 misimus
453 681 489 736 ad
503 677 912 745 cammuntinmetlitieros,ut,
935 691 986 748 pro
1039 677 1113 734 riori
1126 680 1199 736 serie
1213 680 1340 736 narrauit
1352 677 1500 735 sanctitati
1513 682 1610 735 vestrae
1623 678 1738 735 dilectus
1751 677 1782 732 in
1796 675 1892 732 Cleri-

161 773 312 829 rcoerentia
326 771 453 826 Romana
466 769 544 824 sedis
559 771 585 825 el
598 771 710 834 nostra,
738 765 863 838 differret
883 764 987 820 tedere
1039 772 1082 826 sto
1094 777 1182 841 poter,
1198 768 1325 825 dominus
1339 768 1489 841 soffredus,
1504 768 1582 824 tituli
1597 771 1709 826 Sancte
1731 763 1893 823 Fraudis

162 870 275 927 terram,
291 859 443 931 usquedum
459 856 639 931 loqueremur
652 852 986 927 eibespeclaoillriduo.
1040 857 1211 914 venerabilis
1220 857 1387 926 cardinalis,
1399 857 1565 929 apostolicae
1592 855 1672 912 Sedis
1696 857 1818 928 lepalus,
1848 870 1890 910 ea

165 955 291 1008 Venimus
306 951 341 1007 ad
354 966 417 1007 eum
429 948 581 1016 berlindis,
596 953 622 1004 el
636 950 737 1004 ilerum
751 947 924 1002 obtinuimus
942 943 987 1000 di·
1041 961 1104 1018 quse
1118 948 1193 1003 circa
1207 947 1257 1003 boe
1269 947 1412 1017 nepoliurn
1428 949 1487 1017 ipse
1501 945 1633 1018 inspexit,
1643 950 1671 1001 et
1677 943 1800 1016 qualiter
1819 945 1890 1015 ipse

162 1041 278 1096 tationes
293 1039 327 1095 ab
336 1055 367 1096 eo
379 1054 429 1110 per
438 1053 537 1094 nouem
555 1037 614 1093 dice
642 1036 742 1109 quibus
764 1037 989 1108 exspectabamus
1039 1038 1171 1108 prooessit
1195 1035 1225 1091 in
1253 1051 1298 1106 eo,
1324 1043 1472 1107 postquam
1500 1050 1556 1107 epse
1583 1033 1668 1090 rediit
1691 1049 1710 1090 a
1742 1032 1890 1103 partibus

105 1167 107 1177 ,
162 1129 337 1184 llierusalem
350 1142 443 1198 repem
457 1127 615 1182 uenturum.
646 1126 847 1180 Laboravimns
875 1122 989 1179 interim
1042 1123 1206 1182 Antiochiae.
1241 1127 1273 1180 El
1304 1140 1353 1196 epo
1380 1141 1443 1180 cum
1471 1139 1559 1196 nuper
1585 1125 1719 1180 venissem
1746 1121 1783 1178 ad
1807 1137 1889 1193 par·

161 1218 324 1273 adinvenire
337 1215 411 1272 uiam
424 1215 505 1288 pacis
515 1219 581 1270 ante
591 1213 900 1270 omniaiieedrmeniae
910 1213 990 1284 alleri
1042 1222 1084 1270 les
1110 1215 1289 1284 lucanenses,
1322 1222 1430 1270 uocatas
1455 1212 1565 1285 pluries
1600 1216 1659 1268 lam
1698 1211 1732 1267 ab
1766 1209 1892 1266 illustri

160 1321 189 1362 se
203 1304 239 1361 ad
253 1305 400 1370 iustitiam,
414 1311 441 1360 et
456 1305 593 1359 instanter
607 1319 656 1374 per
670 1301 791 1368 maimo
802 1319 850 1372 per
860 1316 988 1364 aeneam
1043 1303 1313 1373 repeirmenorum,
1341 1318 1423 1374 quam
1441 1318 1461 1359 a
1482 1303 1579 1359 comite
1607 1299 1793 1373 Tripolitana,
1827 1316 1889 1356 sese

161 1395 259 1463 nepoti
271 1409 320 1450 suo
335 1393 456 1465 orpbaoo
469 1401 497 1447 et
509 1393 596 1448 matri
610 1393 669 1460 eius
691 1390 785 1448 uiduae
804 1391 942 1446 instanter
964 1393 989 1446 el
1042 1391 1168 1465 principe
1181 1391 1334 1449 Antioclsiae
1347 1400 1374 1447 et
1387 1391 1493 1448 ciuibus
1520 1391 1707 1458 antecessu,
1735 1404 1786 1461 pro
1811 1388 1885 1444 dis·

163 1482 321 1539 bumililter
334 1481 457 1554 postulat
470 1480 606 1537 exbiberi.
623 1479 784 1553 aequiritur
806 1481 864 1552 ipse
886 1488 919 1534 al
945 1494 990 1534 ao·
1043 1481 1137 1538 cordia
1151 1481 1223 1536 dicta
1239 1479 1370 1546 sedanda,
1385 1473 1519 1535 si‘datum
1533 1483 1603 1536 esset
1615 1479 1740 1551 dempsr,
1756 1478 1796 1534 ad
1807 1494 1886 1550 par-

163 1574 283 1646 qaiescat
294 1569 399 1640 judicio
415 1569 548 1626 baronum
562 1567 610 1642 qui
623 1571 734 1624 oenlari
746 1571 837 1637 erant,
851 1583 910 1625 ecce
934 1567 990 1638 (65)
1043 1580 1083 1628 tes
1097 1569 1250 1628 tntiocnise
1262 1571 1374 1640 accessi,
1389 1576 1415 1626 et
1428 1567 1653 1637 circonepotiam
1674 1567 1750 1624 istud
1776 1567 1886 1638 tripli-

163 1662 291 1732 proponit
304 1661 372 1730 ipse,
388 1659 454 1730 qnia
468 1659 503 1714 ab
526 1657 648 1714 Ecclesia
677 1657 804 1713 liomana
825 1655 989 1728 requisierat
1004 1702 1031 1768 B
1044 1676 1102 1716 cem
1116 1659 1195 1716 viam
1207 1659 1324 1715 tertiani.
1337 1659 1444 1724 Primo,
1459 1659 1486 1713 si
1497 1673 1533 1714 ee
1544 1673 1675 1714 consensu
1684 1658 1808 1728 partium
1819 1654 1887 1711 ali·

158 1749 312 1821 justiliam,
328 1761 471 1818 quamuos
485 1747 644 1802 inadoenta
659 1754 751 1802 nostro
764 1751 910 1818 permeet
930 1745 988 1800 col·
1047 1765 1102 1821 qua
1128 1752 1216 1818 posset
1240 1749 1386 1820 provenire
1411 1746 1580 1808 cmscordia:
1605 1759 1689 1818 auam
1712 1761 1776 1802 cum
1799 1743 1887 1800 circa

163 1839 251 1908 lepam
263 1835 450 1908 promiseritis
464 1834 659 1904 exhibendam,
675 1841 835 1890 etnastrum
849 1837 994 1905 esselauo-
1047 1836 1152 1893 diutins
1167 1836 1345 1902 laborassem,
1361 1835 1436 1892 nibil
1447 1835 1563 1908 profeci.
1579 1834 1711 1902 Secundo,
1726 1838 1757 1891 ul
1782 1837 1887 1906 parles

164 1923 674 1996 cumcunqueoellemusuticonsiliis.
700 1928 774 1982 iiam
783 1923 842 1995 ipse
851 1939 909 1980 non
921 1938 995 1980 com·
1047 1928 1278 1999 permitterentse
1288 1924 1399 1982 domino
1412 1925 1557 1981 cardinali
1578 1929 1605 1980 el
1627 1923 1709 1990 miii,
1738 1927 1885 1996 quamnus

163 2016 291 2071 mittebat
304 2029 334 2070 se
346 2015 403 2069 nisi
418 2015 448 2068 in
458 2012 570 2085 judicio
584 2022 675 2070 nostro
683 2012 882 2085 principaliter
893 2014 948 2068 imo
965 2013 996 2067 in
1048 2017 1199 2072 secundum
1209 2015 1350 2085 iustitiam
1363 2018 1390 2070 cl
1401 2013 1561 2086 equitatem
1579 2012 1812 2069 concordaremus
1837 2013 1888 2068 vel

164 2102 242 2158 nobis
255 2110 352 2159 oestro.
365 2102 485 2158 Accessit
507 2109 600 2156 autem
628 2101 743 2174 spiritus
770 2101 943 2172 iniquilatis,
970 2115 997 2173 ep
1045 2103 1255 2176 indicaremas;
1272 2112 1308 2172 el,
1324 2118 1388 2159 cum
1401 2118 1482 2174 super
1495 2103 1545 2158 lroc
1558 2118 1620 2158 cum
1639 2104 1760 2172 utruque
1773 2100 1888 2157 diutius

165 2206 258 2248 eorum
273 2190 356 2246 eorda
369 2191 514 2257 subuertit,
530 2199 556 2247 et
571 2189 671 2246 auertit
696 2190 731 2246 ab
752 2193 863 2246 unitate
889 2198 995 2255 nostra,
1050 2195 1227 2260 laborassern,
1240 2190 1315 2247 nileil
1327 2191 1442 2264 proieci,
1458 2193 1544 2246 eliam
1558 2199 1667 2262 pertrer
1677 2205 1792 2248 menses.
1807 2191 1886 2246 Taro-

164 2283 279 2354 accipre
300 2280 449 2336 eoncordia
477 2279 643 2336 credebatur
668 2280 824 2338 accessisse.
851 2278 997 2351 Coeperunt
1030 2267 1032 2270 ⁵
1049 2283 1110 2338 dem
1125 2283 1217 2350 tertio,
1231 2280 1298 2353 auia
1313 2295 1369 2336 non
1383 2279 1529 2336 uidebatur
1542 2294 1649 2336 necesse
1672 2287 1704 2335 ut
1733 2293 1883 2350 querere-

165 2371 267 2442 quippe
277 2368 368 2425 dicere
376 2366 617 2440 constanterqnad
627 2369 676 2424 lroc
682 2369 824 2441 judicium
836 2367 930 2424 adnos
940 2383 997 2422 non
1049 2387 1110 2428 nens
1124 2389 1142 2428 a
1155 2371 1291 2444 partibas,
1307 2374 1440 2442 quatenus
1453 2385 1482 2424 se
1496 2367 1576 2424 nobis
1598 2369 1811 2432 committerent,
1832 2365 1883 2422 scd

166 2457 322 2530 pertinebat
336 2455 383 2513 sed
396 2471 484 2528 neque
497 2456 536 2512 ad
556 2457 707 2513 Ecclesiam
733 2457 893 2513 Rornanam.
922 2457 995 2526 Quo·
1049 2464 1158 2518 tantum
1172 2455 1838 2532 eeolfimonostroonerrmnusutripnepnrtium
1851 2457 1882 2511 si

166 2544 367 2602 rnmeonseliis
399 2545 516 2604 innixus
531 2545 580 2616 qui
598 2545 740 2602 dicebatur
749 2548 997 2618 princepsesecnn·
1049 2551 1232 2624 quietaetlenr
1254 2562 1416 2620 proponere,
1440 2562 1489 2603 nos
1516 2561 1574 2602 esse
1598 2549 1710 2617 paratos
1733 2543 1879 2618 justitiam

167 2634 233 2690 dcem
248 2633 340 2706 ipsum
354 2637 513 2689 constanter
524 2634 713 2707 proponebat,
728 2635 821 2706 sicque
849 2634 919 2703 lacti
932 2637 996 2690 sual
1048 2640 1188 2706 exhibere,
1204 2638 1244 2694 ad
1257 2634 1480 2694 exonerationem
1493 2645 1611 2690 vestram
1626 2635 1757 2690 iiomanee
1780 2633 1881 2689 Eccle

164 2739 211 2780 cor
225 2738 314 2778 unum
328 2724 465 2779 stenima
480 2738 536 2778 una
551 2721 580 2778 in
597 2721 710 2790 itinere,
725 2721 795 2793 qnod
807 2721 894 2779 lictus
917 2721 996 2791 prin·
1048 2731 1110 2794 sie,
1125 2728 1233 2784 domini
1246 2724 1414 2794 cardinalis,
1430 2731 1456 2779 et
1469 2739 1568 2794 meam,
1585 2722 1675 2780 obtuli
1683 2722 1794 2779 domino
1817 2720 1881 2794 cepi

164 2827 226 2883 ceps
239 2811 289 2867 uia
303 2812 412 2883 aliquid
426 2811 468 2870 uel
483 2810 591 2879 apebal,
606 2811 649 2867 vel
663 2811 851 2882 respondebat,
866 2810 924 2866 nisi
934 2811 997 2866 ilio·
1048 2827 1154 2874 vestras
1185 2816 1304 2885 litteras,
1333 2815 1434 2886 quibas
1461 2812 1570 2869 dmnino
1598 2809 1722 2884 soffredo
1749 2814 1777 2867 el
1804 2811 1879 2869 milei

165 2898 363 2956 cumconsilio
392 2901 579 2972 internectus:
594 2904 706 2970 eccepto
734 2915 789 2954 ano
813 2914 850 2953 ee
877 2898 920 2954 bis
947 2899 997 2970 aui
1050 2905 1236 2972 mandabatis,
1279 2911 1310 2959 nt
1350 2902 1493 2973 nepotinm
1534 2899 1606 2956 illud
1653 2901 1876 2969 terminaremus,

163 3004 270 3044 mecum
284 2991 429 3056 venerant,
445 2987 494 3059 qui
507 2985 627 3058 fideliter
640 2988 666 3043 el
679 2987 829 3058 prudenter
845 2987 915 3043 milti
929 2986 996 3042 asti·
1042 2996 1160 3068 justitie
1191 2993 1338 3059 maianis,
1376 2992 1449 3062 quoe
1487 2988 1584 3062 parari
1619 3005 1741 3058 eramus,
1784 2989 1877 3046 dms.

166 3078 201 3132 tit
215 3077 246 3132 in
260 3083 313 3131 toto
323 3077 443 3147 necatio.
468 3073 612 3131 obtulerat
640 3073 754 3142 insuper
781 3090 832 3132 rese
859 3074 999 3132 Armenios
1013 3071 1038 3137 G
1052 3101 1104 3140 nus
1117 3082 1272 3139 cardinalis
1290 3089 1317 3136 et
1334 3096 1383 3150 epo
1406 3079 1544 3150 iustitiam
1567 3076 1724 3149 taciendam
1747 3086 1774 3134 et
1797 3077 1879 3134 ecbi-

165 3162 268 3235 oipinti
281 3161 377 3220 millia
393 3167 568 3220 annulorum
580 3163 615 3219 ad
637 3164 783 3219 servitium
798 3163 997 3220 Christianila·
1054 3173 1169 3230 eandam
1183 3172 1339 3230 secandum
1352 3168 1531 3236 mandatam,
1546 3183 1634 3240 neque
1646 3167 1879 3239 pernosaliqnem

165 3255 202 3309 lis
216 3252 242 3309 si
253 3269 303 3324 pro
318 3255 421 3323 nepote
438 3268 489 3309 suo
516 3251 639 3324 orplrano
666 3260 693 3308 ct
717 3260 807 3308 matre
830 3253 889 3326 ejus
917 3251 999 3309 oidaa
1052 3265 1202 3320 sustineret
1216 3261 1351 3332 mpeetam
1362 3273 1413 3330 pro
1432 3255 1662 3330 nepotisjustitia
1676 3254 1876 3329 consequenda.

159 3343 307 3416 justiliam
322 3347 409 3416 posset
423 3341 556 3400 obtinere.
577 3342 723 3400 Videbatur
737 3344 810 3400 mibi
818 3343 915 3416 petitio
925 3345 998 3416 ejus·
1054 3356 1116 3424 epse
1128 3354 1222 3407 autem
1238 3365 1288 3405 rere
1301 3351 1366 3404 tanc
1381 3347 1431 3414 eit,
1448 3347 1519 3419 quod
1534 3345 1671 3413 relerebat
1684 3347 1775 3413 orales
1790 3345 1823 3400 de
1844 3359 1876 3400 eo

164 3433 225 3488 dem
240 3432 314 3506 repis
321 3433 399 3506 justa
413 3435 439 3490 el
452 3432 623 3490 admittenda
633 3451 644 3487 .·
658 3432 761 3490 oblatio
788 3449 894 3506 auoque
916 3433 998 3492 utilis
1053 3440 1124 3514 qaod
1137 3439 1195 3495 sibi
1208 3440 1276 3495 satis
1290 3435 1447 3509 offerebam,
1461 3442 1487 3492 et
1500 3433 1588 3502 volan,
1601 3437 1628 3489 et
1639 3433 1769 3490 Ecclesiae
1784 3433 1878 3500 Romu

165 3524 290 3578 ocultum
304 3527 331 3578 el
346 3521 718 3596 [ructuosaillrrisliaailali.
729 3521 791 3592 Sed,
802 3523 999 3578 cumbaberem
1051 3546 1106 3600 nav,
1121 3539 1148 3585 er
1162 3527 1242 3584 nobis
1256 3526 1382 3593 duobug
1396 3525 1443 3581 sed
1457 3521 1564 3580 mietio
1578 3522 1650 3594 quod
1663 3522 1877 3578 Anatecmiin.

165 3611 472 3683 collirfldi'iilll'ell'lios,
488 3627 554 3684 quos
568 3611 818 3684 coadjutorium
840 3613 996 3684 sperabam,
1050 3619 1177 3691 serebant
1191 3618 1218 3674 ei
1232 3613 1406 3684 violentiam,
1421 3613 1480 3669 ideo
1494 3611 1654 3684 belcham!
1667 3612 1748 3683 prius
1771 3624 1876 3667 amove.

165 3699 259 3756 vidffli
272 3716 316 3756 Μ
329 3699 408 3772 liiii
421 3701 520 3769 iilum,
535 3701 636 3769 “iiiii
650 3717 712 3756 cam
727 3701 777 3756 ¹¹¹⁰
793 3699 877 3755 “iiim
888 3699 938 3773 qui
947 3701 999 3757 '²¹¹'-
1051 3723 1143 3764 remas
1156 3705 1258 3762 dictum
1271 3705 1408 3770 comitem,
1423 3716 1471 3757 sea
1484 3701 1647 3773 principem,
1668 3715 1685 3754 a
1708 3699 1877 3773 possessione
1950 3759 1951 3764 ,

166 3787 196 3842 tn·
209 3788 371 3858 assistebat3
386 3797 413 3846 et
425 3791 490 3845 veni
504 3789 672 3858 ilarpalum,
692 3789 741 3844 ubi
765 3788 900 3854 laboravi,
924 3789 997 3846 sicul
1051 3797 1170 3854 civitatis
1184 3798 1209 3851 et
1223 3792 1398 3866 principatus
1411 3789 1574 3857 Antiochiae,
1597 3797 1623 3846 02
1635 3789 1807 3861 postmodum
1828 3788 1874 3844 αθ.

166 3877 236 3932 Dens
249 3877 345 3945 witti.
361 3892 447 3948 “titt
457 3875 493 3932 ad
504 3881 632 3943 minim·
649 3892 735 3948 usaue
753 3875 819 3931 dum
848 3879 924 3933 uenit
950 3877 997 3934 ‘¹⁰-
1052 3889 1175 3943 beremus
1190 3883 1218 3940 ei
1231 3881 1369 3952 iustitiam
1382 3880 1522 3938 exhibere.
1540 3878 1593 3935 Cui
1605 3893 1668 3934 cum
1678 3877 1873 3950 respondissem

166 3963 261 4020 ’iiiiii'
275 3963 429 4021 “illinisti
440 3963 472 4020 ¹⁶¹²
488 3965 620 4038 cimmo
637 3971 665 4021 0³
680 3964 792 4021 tandem
812 3964 900 4022 Alibi
926 3967 995 4038 (flssi’
1050 3983 1121 4057 qaod
1136 3984 1185 4040 boo
1199 3979 1351 4039 secundum
1360 3977 1503 4050 justiliam
1513 3977 1666 4042 sacmenon
1673 3989 1873 4047 possemus,an·

167 4052 216 4108 nbi
228 4053 325 4109 occari
337 4052 402 4121 sibi,
418 4052 513 4109 multis
530 4051 632 4109 litteris
647 4053 800 4125 requisitus
814 4053 849 4109 ab
864 4069 932 4126 apso,
958 4055 996 4111 li·
1049 4078 1168 4146 pequam,
1185 4071 1215 4127 in
1230 4068 1334 4140 judicio
1348 4068 1521 4135 conscientas,
1536 4067 1709 4137 preponeret,
1725 4078 1777 4132 pro
1798 4071 1872 4136 parte

166 4151 208 4198 iii
235 4140 328 4197 “diiii
356 4147 442 4198 &iiim
465 4141 629 4199 miliimtidst
649 4141 793 4199 ‘sibilasti‘
818 4141 995 4214 infirmitatis
1050 4179 1111 4234 saa,
1127 4161 1176 4217 lcoc
1190 4163 1291 4233 ipsum,
1312 4155 1423 4215 elalius
1438 4155 1561 4212 rationes
1581 4169 1648 4225 quas
1672 4153 1763 4224 uellet,
1786 4153 1872 4209 aicbat

167 4245 312 4302 ‘’timii‘'
327 4231 461 4286 Dominus
475 4239 568 4286 “lilim
581 4228 753 4299 cardinaliis
779 4231 919 4300 ‘libidini
941 4232 996 4288 ΛΗ·
1050 4254 1107 4324 ipse
1121 4267 1189 4307 ree:
1210 4249 1264 4305 Vos
1279 4247 1343 4304 estis
1356 4245 1458 4302 sicarii
1471 4241 1629 4314 apostolici,
1643 4256 1692 4311 eoo
1707 4256 1760 4296 rec
1780 4242 1870 4296 inne·

167 4317 398 4391 nasammonas
420 4320 496 4390 spuo
521 4320 618 4388 locor.
643 4319 695 4375 sves
718 4319 749 4376 in
771 4317 947 4377 suessonum
970 4336 997 4395 n
1049 4341 1206 4399 eterne
1222 4331 1514 4406 innotescente
1530 4328 1870 4398 cormariacensem

167 4409 455 4480 usqueinirmeniam
464 4407 990 4482 ,·ubionidsecerit,elqmclitermalilia
1005 4441 1031 4508 D
1047 4431 1118 4490 pium
1132 4429 1239 4501 „epops
1252 4424 1307 4483 mee·
1321 4426 1347 4481 σε
1360 4419 1468 4493 nepotis
1482 4420 1539 4493 (67)
1565 4433 1637 4477 mese
1645 4436 1657 4482 ,·
1671 4427 1697 4476 et
1710 4421 1825 4489 petimus
1851 4435 1869 4476 a

206 4603 261 4675 (65)
276 4604 351 4661 Ecce.
368 4603 413 4659 Sic
428 4603 502 4675 apud
518 4602 680 4674 baluzium
697 4603 726 4660 ia
742 4603 842 4661 codiee
863 4603 998 4662 Veilieel·
1051 4602 1115 4659 lex:
1132 4599 1193 4658 Nisi
1205 4599 1286 4670 juxte
1300 4595 1418 4651 termam
1435 4605 1520 4662 quem
1535 4588 1651 4672 tibipar
1676 4589 1783 4646 litteras
1803 4587 1868 4672 alies

170 4675 238 4732 lano
252 4682 365 4731 etlunc.
1051 4672 1251 4746 dignoscimur
1275 4664 1457 4738 expressisse,
1479 4662 1688 4744 absolutionem
1713 4663 1868 4744 receperent

204 4745 456 4818 (bblPetruetitali
475 4746 503 4802 S.
535 4746 661 4804 Marcelli
691 4745 836 4819 presbyter
863 4747 995 4803 cardine·
1050 4746 1073 4818 (⁸
1089 4743 1187 4815 eneti),
1203 4749 1276 4810 ete,
1290 4746 1331 4803 tu,
1346 4751 1384 4793 na
1397 4735 1514 4791 illorum
1532 4733 1651 4788 videone
1666 4739 1798 4816 nepesine
1817 4747 1865 4814 eon

169 4816 215 4873 lis.
242 4818 343 4890 istum,
373 4825 439 4874 ante
468 4819 640 4887 Adventum,
666 4816 748 4873 idest
772 4825 838 4874 ente
867 4834 995 4876 mensem
1051 4817 1157 4875 sentire
1159 4852 1240 4870 .......
1286 4825 1384 4868 verses
1432 4819 1638 4888 eteeoseerrmu
1679 4806 1786 4887 diriges
1820 4809 1868 4859 ster
1950 4827 1951 4844 ι

169 4889 344 4958 Decembris,
360 4905 436 4945 enno
451 4888 531 4959 ttae,
547 4889 723 4962 apresenlla
743 4904 822 4961 papae
839 4905 994 4958 recessum,
1052 4897 1132 4946 tuum
1149 4923 1263 4942 ..........
1278 4903 1293 4933 s
1310 4877 1488 4962 Coussslessdss
1502 4884 1544 4930 0⁸²
1566 4881 1652 4959 ⁰¹¹,ssOE
1681 4875 1799 4944 0b¹⁵¹⁰¹²
1820 4873 1868 4930 2⁰9

169 4975 314 5017 sanarem
331 4961 579 5018 ireneielrelurum
604 4959 765 5028 intravisse,
788 4962 910 5031 pensiles
936 4963 996 5033 ipse
1050 4961 1181 5030 ejusdem
1193 4955 1269 5022 libri,
1287 4953 1318 5010 P.
1333 4951 1409 5007 tauta
1423 4947 1452 5004 S.
1479 4945 1603 5002 llarcclli
1630 4947 1788 5032 presbytero
1811 4961 1867 5000 cnr-

170 5037 290 5088 testetur
304 5033 333 5088 in
349 5031 450 5089 litteris
464 5033 499 5088 sd
519 5032 683 5098 Soilridum,
706 5031 779 5087 tituli
808 5031 838 5088 S.
860 5035 997 5091 Praxedis
1051 5027 1245 5098 denotem.
1263 5027 1291 5093 t,
1308 5039 1360 5097 qua
1375 5017 1588 5091 conpressione
1609 5033 1635 5072 ei
1660 5015 1733 5089 qaod
1756 5018 1867 5087 cyprum
1950 5037 1951 5058 ι

170 5103 364 5174 presbyterum
400 5103 585 5170 cardinalem,
615 5104 687 5160 detis
714 5103 868 5168 Ferentini,
897 5123 926 5164 ιν
954 5107 995 5162 id.
1050 5103 1210 5174 appulisset,
1225 5091 1690 5177 elremittiltarbilriosaoutrum
1700 5087 1866 5146 debcatoom·

170 5175 298 5244 augusti,
312 5191 388 5232 enno
402 5191 452 5242 vn,
470 5176 497 5231 id
514 5183 555 5232 est
582 5190 658 5231 anne
687 5175 792 5231 christi
822 5175 900 5246 1203.
924 5177 997 5234 Vide
1050 5177 1270 5231 municarecum
1297 5165 1498 5252 lenetmdol·
1529 5167 1709 5234 initium
1738 5159 1796 5216 llll·
1820 5163 1866 5216 ΡΘ·
1950 5223 1951 5230 ,

169 5246 396 5316 epistolemi30‚
418 5246 581 5303 librisertl.
607 5245 720 5302 Petrum
745 5261 822 5314 vero,
848 5261 907 5305 non
931 5255 1012 5305 ente.
1051 5231 1544 5326 brunsii,an.rrl1d,estsn.t2ot)
1604 5302 1650 5316 ..
1750 5303 1755 5316 .

171 5331 298 5374 reiensem
313 5317 391 5386 Maii,
406 5318 464 5375 imo
477 5318 566 5374 multo
587 5317 694 5374 tardius
720 5317 825 5398 adhue,
855 5321 997 5376 Aaronem
1087 5317 1143 5390 (67)
1160 5319 1273 5388 Nepotes
1286 5311 1472 5394 mecooiacplts
1487 5317 1572 5386 mea,
1583 5301 1629 5359 Sto
1643 5318 1674 5361 m
1693 5303 1790 5390 codiee
1804 5301 1865 5358 Vel·

170 5389 326 5514 praiisse,
345 5390 486 5474 eyincilur
505 5405 538 5446 ex
559 5387 679 5460 epistole
701 5391 828 5470 ejusdem
855 5390 998 5460 pontilicis
1051 5389 1196 5473 libellario,
1212 5374 1659 5510 ‘0⁰¹⁰{9¹d⁸'³'¹1hrN⁸fflr¹s¹'s2¹d
1673 5375 1864 5504 ὥπὴῐῠῃῑθῑθῖ

170 5458 286 5590 dieii&¹
299 5460 998 5605 make&mxtgfitrrlsdrgigrsaccinogcigusssoenstris
1051 5461 1171 5591 mali.
1182 5461 1443 5603 ddep}gotiallimliffm‚
1457 5493 1571 5592 iocaris,
1584 5489 1635 5590 ἰιιιί
1650 5519 1682 5576 ia
1703 5463 1867 5580 notts'mspr·
1950 5599 1951 5608 ἦ
