3952 6062
91 203 156 259 589
632 198 887 258 Pourlrtcartls
905 197 1001 258 alluo
1021 197 1056 266 ii,
1077 199 1217 260 enuisti
1236 205 1315 262 lits.
1766 210 1819 266 590

93 329 247 386 lsaeresim
256 327 428 384 veldeoldat
438 327 469 382 in
481 325 657 398 gentilitatis
669 341 801 384 errorem
815 326 845 382 Si
856 325 936 382 euim
951 327 981 394 Α
994 337 1054 392 qua
1067 324 1229 396 prebenda
1241 343 1320 384 nune
1331 331 1415 386 vacat
1428 328 1460 390 iu
1475 328 1607 390 aruasia
1622 333 1750 402 tua,eam
1762 333 1817 390 sibi

94 414 671 489 alterinfidelinmoonjugumadtldem
680 415 858 472 catholicam
869 431 937 472 uon·
993 413 1188 474 condideras
1203 416 1365 490 assignare,
1387 417 1507 478 stallum
1523 417 1620 476 eidem
1635 419 1667 480 iu
1682 421 1772 482 choro
1788 428 1818 478 et

94 505 352 578 vertatur,altero
367 505 413 562 vel
428 505 511 562 nullo
524 506 613 562 modo
626 505 673 562 vel
686 505 791 562 saltem
807 521 867 560 non
883 503 936 562 ab·
990 497 1090 558 locum
1104 503 1136 562 iu
1151 506 1281 578 capitulo
1297 506 1739 586 conterendo.alioquiu,quam
1755 511 1817 587 pri·
1901 541 1906 547 ·

92 615 182 671 sque
196 595 388 670 blasphemia
410 595 502 650 divini
527 593 658 656 nominis
670 593 717 651 rel
730 599 765 650 ut
785 609 852 650 eum
867 609 936 665 per-
990 605 1040 650 uto
1053 608 1155 654 vacare
1170 595 1450 670 configeritmoetrae
1461 596 1615 658 donationi
1627 599 1816 672 precipimus

92 689 208 744 trabat
224 687 261 744 ad
275 685 402 742 mortale
419 689 574 757 peecatum
584 685 610 740 ei
622 683 793 740 cohabitare
807 682 933 749 volente,
989 682 1146 750 reservari,
1161 699 1296 754 personia
1321 683 1437 744 idoneae
1452 683 1665 748 conterendam
1683 703 1690 744 ε
1706 687 1742 744 de
1758 706 1816 766 qua

93 775 154 848 qui
175 775 357 848 relinquitur
371 773 408 831 ed
424 774 565 842 secunde,
581 774 606 829 si
621 773 827 842 volueritvota
841 777 935 828 traus-
989 767 1014 828 si
1031 769 1103 841 quid
1117 787 1135 830 a
1149 771 1280 832 tefuerit
1294 773 1475 844 ordinatum,
1491 774 1679 836 deceruimus
1695 793 1756 838 nou
1773 784 1816 836 ie-

89 865 156 920 ibit
170 883 178 938 ;
192 869 222 921 et
232 865 264 921 ln
277 865 333 921 hoo
343 879 413 921 casn
425 863 621 936 intelligimus
632 862 711 934 qnod
726 863 933 936 dicitdposto·
988 874 1070 916 nare.
1088 859 1207 922 iliieetis
1224 879 1342 934 quoque
1358 862 1428 924 iuliis
1443 863 1555 924 decano
1571 871 1601 924 et
1610 866 1739 942 capitulo
1755 867 1816 926 Au-

95 953 149 1010 lus
171 971 178 1010 :
194 957 226 1012 st
239 955 359 1026 tradetis
382 953 506 1019 discedit,
522 953 662 1016 duorum,-
684 955 776 1021 freter
798 954 870 1010 euim
892 953 934 1008 uei
988 947 1274 1010 relianeudedimue
1289 951 1320 1012 iu
1336 951 1485 1012 mandatis
1499 968 1537 1012 ue
1552 953 1683 1030 aliquem
1699 955 1736 1016 ad
1752 956 1815 1014 ius-

92 1059 183 1100 soror
195 1059 251 1099 nou
263 1049 301 1099 est
321 1044 447 1099 saultoit
461 1043 597 1113 subjectos
610 1044 640 1097 iu
660 1041 817 1113 hujusmodi
831 1042 855 1113 (l
871 1041 931 1098 tior·
989 1037 1157 1098 titutionem
1172 1044 1253 1099 tuam
1268 1041 1458 1114 recipientia
1474 1043 1651 1104 oauouioutn
1668 1050 1698 1102 et
1713 1046 1743 1104 iu
1754 1043 1814 1104 lra-

89 1149 147 1202 vrr,
171 1135 213 1202 tiit
225 1149 232 1188 :
245 1138 275 1188 et
286 1148 431 1188 canonem
443 1131 498 1203 (tlt
517 1131 606 1188 ctiam
617 1131 648 1186 in
666 1145 724 1202 quo
735 1128 934 1200 dieiturqnod
989 1131 1064 1184 trem
1076 1127 1113 1188 ad
1124 1128 1315 1199 preteream
1331 1131 1471 1204 primitus
1485 1137 1663 1192 vacaturam.

91 1217 933 1293 contumaltaCreetorissolvttjusmatrimoniloiroaeum
1023 1217 1130 1276 Datum
1146 1217 1292 1288 Laterani,
1308 1236 1335 1276 ιι
1350 1219 1413 1278 llal.
1428 1220 1504 1280 ltaii.

92 1311 153 1382 qui
167 1309 392 1382 relinquitur.Si
403 1327 472 1366 sero
482 1309 558 1365 alter
568 1309 702 1364 bdelium
713 1308 873 1380 conjugum
888 1307 933 1363 rel
1023 1304 1162 1375 stuprum
1177 1312 1214 1362 est
1228 1323 1310 1378 super
1321 1308 1369 1364 itoo
1385 1309 1486 1368 deceno
1505 1316 1530 1366 et
1545 1311 1667 1382 capituto
1681 1313 1812 1371 Aureliu-

90 1400 223 1456 labalnr
233 1401 263 1455 lu
274 1400 412 1456 haeresim
422 1399 467 1454 vei
479 1402 611 1454 transeat
620 1397 657 1454 ad
670 1397 845 1470 gentilitatis
855 1413 932 1452 erro·
986 1408 1049 1454 aare.

90 1507 180 1558 rem,
196 1505 257 1546 uon
274 1489 425 1547 oredimus
441 1489 520 1560 quod
535 1488 566 1543 iu
581 1488 636 1544 boe
651 1503 722 1544 casu
736 1487 763 1542 is
777 1487 830 1558 qui
845 1487 934 1544 relin·
1369 1485 1427 1544 LII.

92 1581 217 1652 quitur,
231 1579 348 1636 vivente
367 1579 461 1637 altero
479 1578 574 1651 possit
589 1576 626 1634 ad
647 1576 793 1634 secundas
813 1577 932 1648 nuptias
1187 1588 1292 1631 uncum
1311 1590 1448 1632 usmetun
1466 1591 1606 1636 reiecero.

91 1667 260 1724 convolare
273 1685 280 1736 ς
294 1667 365 1724 licet
379 1668 410 1723 iu
425 1667 481 1724 hoo
501 1683 571 1724 caen
584 1667 680 1740 major
700 1671 843 1740 appareat
856 1681 928 1722 oon·
944 1712 970 1778 B
1118 1661 1151 1718 tlt
1166 1667 1298 1722 restauret
1312 1667 1505 1724 monasterium
1519 1666 1552 1722 de
1570 1667 1678 1728 Weido.

90 1757 227 1814 tumella
241 1757 398 1814 Crantoris.
416 1759 488 1815 Nam
504 1757 559 1812 etsi
578 1755 802 1813 matrimonium
826 1771 928 1812 serum
1197 1751 1355 1822 (Laterani,
1367 1769 1404 1822 ιι,
1416 1755 1490 1811 Νοιι.
1505 1754 1594 1834 tiaiil.

89 1845 224 1918 quidem
239 1846 318 1903 inter
333 1844 470 1903 inildeles
487 1847 603 1915 existat,
619 1862 680 1902 non
705 1851 805 1902 umen
821 1847 866 1902 eet
879 1861 928 1901 ra·
1017 1835 1064 1896 Sic
1079 1853 1134 1896 uos
1150 1837 1186 1898 de
1210 1839 1394 1912 singularum
1415 1841 1615 1904 aeclesiarum
1630 1848 1709 1907 autu
1725 1844 1810 1908 decet

89 1943 185 1993 tum:
202 1937 281 1994 inter
295 1937 400 1994 ssdglgg
416 1941 516 1996 gutgm
531 1953 633 1993 ugrum
653 1936 773 2008 quidem
787 1940 817 1991 ot
829 1941 926 1992 ratum
981 1929 1061 1984 Osset
1075 1925 1229 1997 §Oiiioittim
1240 1933 1273 1988 ut
1285 1935 1314 1986 ei
1327 1929 1505 1990 utilitatibus
1520 1933 1711 1994 consulamus
1726 1933 1805 2010 ipsii-

89 2027 212 2082 existit.
229 2027 303 2093 Quia
318 2031 537 2104 sacramentum
560 2027 641 2094 ildei,
656 2026 736 2098 quod
756 2024 849 2082 semel
873 2025 926 2081 ad·
980 2030 1047 2072 ruffi
1062 2019 1091 2072 θῑ
1105 2017 1325 2087 &liminibus
1340 2018 1545 2090 obviemubnfl
1559 2021 1703 2084 creditam
1718 2023 1805 2082 uobis

89 2113 227 2169 missum
242 2129 396 2186 nunquam
412 2113 673 2182 amittitur,ratum
688 2114 781 2170 allicit
795 2113 925 2186 conjugii
980 2103 1213 2164 sollicitudiuem
1223 2111 1401 2179 postponere
1413 2111 1804 2184 presumimurmttordeu-

91 2207 369 2272 sacramentum,ut
382 2203 480 2276 ipsum
495 2204 525 2259 iu
541 2203 717 2276 conjugibus
733 2202 783 2257 illo
798 2203 925 2260 durante
979 2195 1023 2250 iti
1038 2192 1128 2264 igitur
1142 2195 1271 2266 qualiter
1282 2198 1497 2258 monesterium
1508 2199 1545 2258 da
1555 2199 1753 2274 Waid0‚(tu⁰d
1767 2203 1805 2260 tid

90 2288 313 2362 perdurabiles
328 2289 426 2347 obstat
440 2290 519 2362 quod
534 2289 742 2362 aquilonariam
753 2290 855 2346 lorsan
870 2290 935 2346 ob·-
979 2281 1062 2342 11⁰1ss-
1074 2281 1238 2341 Ecclesiam
1252 2283 1336 2342 nullo
1351 2286 1482 2356 pertinet
1495 2287 1656 2360 mediante,
1671 2290 1703 2346 iu
1716 2291 1804 2368 spiri-

87 2378 422 2452 jioitup‚q110dssdglig
443 2379 564 2434 relictus
586 2393 648 2434 non
672 2378 844 2434 debeatguo
856 2379 924 2450 jure
979 2368 1110 2428 tualibus
1131 2370 1312 2430 dissolutum
1334 2373 1372 2430 Sit
1387 2379 1416 2430 et
1430 2374 1461 2432 in
1476 2376 1690 2448 temporalibus
1715 2377 1805 2438 (iimi-

90 2469 165 2523 ging
181 2468 268 2542 culpa
283 2468 473 2540 privgpissum
489 2467 519 2522 in
535 2467 638 2523 multis
652 2467 769 2526 oggibug
784 2467 840 2523 hoo
855 2483 925 2524 0011.
978 2463 1095 2529 nutum,
1112 2461 1241 2532 qualiter
1256 2462 1346 2522 etiam
1361 2463 1494 2524 &ticinis
1517 2465 1649 2542 undique
1665 2469 1805 2526 moleste-

89 2555 205 2630 tingut,
221 2562 255 2612 ut
268 2557 292 2611 si
309 2555 385 2611 alter
408 2557 569 2630 conjugum
593 2556 752 2616 incidatur.
768 2557 824 2611 Per
847 2557 924 2614 haue
980 2550 1036 2616 tur,
1049 2547 1147 2620 ipsum
1163 2549 1216 2606 tibi
1232 2552 1429 2624 personaliter
1442 2553 1478 2614 ds
1492 2553 1619 2616 fratrum
1633 2561 1804 2617 nostrorum

91 2651 202 2701 autem
225 2645 453 2716 responsionem
468 2644 667 2716 quorumdam
687 2643 810 2700 malitiae
825 2644 925 2701 obvia·
978 2636 1103 2694 consitio
1119 2639 1493 2714 committimusuwtum
1508 2644 1650 2704 D⁰minll⁸
1665 2646 1718 2704 tibi
1734 2663 1803 2718 per·

89 2734 213 2804 tur,qui
228 2733 259 2789 iu
274 2732 376 2788 odium
400 2732 560 2806 conjugum
576 2733 621 2790 vel
643 2733 762 2806 quando
778 2733 833 2788 sibi
849 2734 925 2790 iuri·
978 2725 1336 2794 miseritnestauranaum
1350 2731 1382 2786 in
1391 2731 1605 2806 temporalibus
1620 2739 1649 2795 at
1663 2735 1803 2807 spiritua-

90 2837 164 2877 cem
182 2821 410 2893 displicerentsi
428 2835 478 2876 eas
491 2827 616 2893 possent
627 2821 657 2878 iu
674 2821 725 2878 tali
741 2838 811 2878 casu
827 2821 923 2878 diruit·
978 2813 1055 2871 libus
1083 2816 1327 2894 reformandum
1353 2820 1525 2884 facultatem
1553 2821 1607 2881 tihi
1635 2824 1801 2898 corrigendi

82 2915 171 2977 tore,
189 2910 365 2966 simularent
389 2909 537 2978 heresim,
553 2915 586 2966 ut
600 2910 636 2966 ab
661 2912 726 2982 ipsa
747 2911 923 2984 conjugibus
977 2920 1042 2978 quw
1058 2905 1137 2962 ineo
1154 2907 1329 2984 conigeoda
1341 2909 1454 2969 fuerint
1462 2914 1492 2968 et
1500 2913 1649 2974 statuendi
1666 2927 1731 2991 quae
1743 2921 1802 2974 sta·

86 2998 278 3055 nubentibus
290 2999 452 3058 resilirent.
468 3001 525 3054 Per
539 3000 616 3056 haue
635 2995 731 3073 ipsam
747 3001 920 3072 responsio·
977 2993 1087 3054 tuenda
1110 2997 1283 3070 cognoveris
1306 2999 1480 3060 auctoritate
1505 3003 1698 3078 praesentium
1726 3004 1803 3064 libe-

85 3103 163 3144 nem
179 3086 232 3144 illa
247 3087 370 3146 solvitur
384 3088 521 3160 quaetio,
531 3104 590 3160 qua
604 3090 757 3162 queritur,
767 3094 866 3148 utrum
882 3089 919 3148 ad
934 3076 959 3143 C
974 3097 1038 3140 ram
1053 3081 1262 3160 indulgentem
1279 3086 1320 3142 itu
1341 3092 1441 3146 umen
1457 3089 1537 3162 quod
1552 3106 1588 3148 ex
1607 3091 1663 3154 hoc
1677 3091 1800 3150 libertas

85 3193 162 3232 eum
175 3177 226 3248 qui
241 3177 286 3233 rei
309 3176 345 3232 ab
360 3176 466 3233 heresi
480 3177 526 3234 sel
541 3177 578 3233 ab
596 3177 773 3236 infidelitate
797 3180 918 3240 reverti·
972 3171 1066 3244 ipsius
1087 3174 1261 3234 monasterii
1284 3192 1347 3254 nort
1367 3176 1503 3236 ledetur.
1533 3177 1612 3238 Nulli
1640 3197 1721 3254 ergo,
1742 3187 1800 3238 ete.

88 3271 152 3336 tur,
169 3267 194 3322 ie
210 3266 260 3338 qui
275 3267 442 3338 permansit
455 3267 487 3323 in
500 3266 559 3323 ilde
573 3267 671 3324 redire
685 3275 816 3341 cogatur.
972 3263 1082 3320 uestrae
1097 3262 1310 3332 concessionis,
1326 3267 1384 3323 eto.

128 3357 235 3412 ilatum
251 3355 397 3425 Laterani,
413 3355 537 3413 Kalend.
553 3355 632 3416 llaii,
1009 3348 1114 3409 Datum
1130 3349 1277 3424 Laterani,
1293 3369 1321 3412 rt
1335 3353 1434 3414 Nouae
1448 3353 1526 3412 Maii.

334 3538 518 3609 suamrsusu.
538 3567 678 3610 serscoso.
970 3559 1104 3602 seersum
1136 3559 1169 3602 er
1201 3563 1348 3606 rueramus
1380 3565 1443 3608 oso.
1468 3565 1502 3610 oe
1534 3567 1705 3623 messuere,
1737 3573 1792 3616 res

91 3642 129 3696 Ut
143 3641 176 3696 D,
193 3638 364 3697 dgcoebolia
377 3643 468 3712 prims)
483 3649 616 3698 vacatura
626 3642 775 3713 pmbgnda
789 3645 915 3713 gon'gra.
1005 3649 1197 3692 ramesienses
1225 3652 1301 3699 011ss
1329 3654 1451 3708 ΙΠΤΠΙΙΙ,
1472 3655 1614 3704 sacranti!
1643 3659 1705 3704 ono.
1734 3661 1796 3704 uls-

476 3721 531 3772 tur.
1005 3737 1129 3784 rescire.
1149 3741 1274 3786 rueretur
1293 3742 1462 3790 remurinus.

310 3804 469 3876 (Laterani,
485 3821 512 3860 Ν
527 3804 590 3860 ¹4⁸¹·
607 3804 696 3876 llaii).
1040 3815 1220 3885 auspicetur
1231 3815 1457 3887 retractactione
1470 3819 1540 3882 esdr
1555 3822 1721 3892 apostoliea.

122 3915 181 3969 Pro
193 3909 301 3970 dilecto
318 3912 380 3969 illio
395 3913 428 3968 D.
445 3911 482 3968 de
497 3911 633 3969 corbolio
648 3927 778 3986 paupera
793 3913 915 3970 subdis·
1191 3904 1349 3976 (Laterani,
1365 3923 1392 3967 lv
1407 3907 1470 3970 tal.
1487 3908 1576 3982 uait).

83 4001 914 4071 cono,nullumadhuoaeclesiasticumbauellolumaesa-
1004 4008 1126 4074 Quoties
1140 4025 1158 4066 a
1172 4009 1258 4066 nobis
1281 4012 1402 4084 petitur,
1425 4019 1493 4084 ete,
1517 4031 1604 4088 usque
1624 4019 1662 4073 ad
1683 4021 1795 4077 eertum

83 4096 166 4158 catto,
178 4089 327 4163 adpreoee
338 4089 438 4145 dilecti
450 4089 505 4144 tilii
521 4088 654 4160 magistri
667 4087 698 4143 P·
715 4088 914 4158 decemuiro,
967 4097 1139 4167 annuimus,
1156 4099 1294 4156 attalicis
1309 4102 1424 4158 record.
1446 4104 1605 4162 Alexandri
1620 4111 1649 4162 et
1663 4108 1794 4182 Gregorii

84 4179 300 4251 quemsiuaera
310 4177 498 4251 diligimusin
508 4178 633 4237 Domino
643 4177 796 4247 charitate,
808 4177 912 4235 irater·
966 4187 1219 4258 praedecessorum
1231 4196 1401 4248 nostrorum
1415 4194 1588 4250 pompm
1602 4197 1733 4270 ,ggngjg
1748 4200 1794 4256 qn,

85 4269 174 4325 uitati
184 4275 243 4326 tuae
255 4267 409 4340 scripsisse
423 4267 594 4336 recolimus,
610 4267 842 4340 utprasbendam
858 4271 912 4324 lio·
967 4275 1124 4346 haerentes,
1141 4279 1297 4349 praelatum
1310 4279 1410 4342 locum
1425 4281 1462 4338 de
1477 4283 1630 4344 calatrava
1650 4288 1793 4343 stlocum

84 4357 186 4414 ctesias
197 4362 255 4413 tuae
265 4373 318 4430 pro
329 4356 494 4413 reverentia
508 4355 587 4412 beati
604 4357 681 4412 Patri
694 4361 723 4412 et
738 4362 841 4414 nostra
855 4358 911 4413 eibi
966 4365 1002 4421 de
1017 4367 1191 4434 Servatam,
1208 4369 1239 4428 tn
1254 4384 1312 4439 quo
1337 4369 1374 4424 ad
1400 4369 1588 4430 gemundum
1611 4375 1671 4430 [ιω
1693 4376 1791 4433 divino

83 4445 433 4518 liberaliterassiguares.
444 4446 570 4514 Turero,
580 4444 909 4516 undereldemiramur,
926 4449 952 4516 D
969 4455 1039 4512 setis
1053 4454 1195 4526 obsequio
1206 4455 1378 4528 mancipati,
1394 4458 1449 4514 sub
1465 4459 1543 4514 beati
1555 4461 1633 4518 Patri
1650 4469 1679 4519 et
1691 4471 1793 4524 nostru

85 4551 148 4592 uon
160 4535 268 4591 curasti
280 4549 402 4607 precum
415 4533 736 4606 nostrarumprimitias
747 4539 777 4590 et
787 4535 911 4591 mando·
965 4547 1149 4616 protentione
1172 4547 1350 4618 suscipimus
1367 4553 1397 4603 et
1412 4551 1551 4620 praesenti
1567 4553 1669 4626 scripti
1684 4556 1791 4628 pagine

85 4629 150 4680 tum
164 4623 425 4697 apostadimplere
439 4639 446 4690 ;
458 4623 530 4694 quin
542 4622 817 4695 potius,antequam
830 4623 910 4679 idern
965 4635 1232 4691 communimusln
1242 4635 1349 4707 primis
1360 4637 1507 4708 siquidem
1519 4645 1682 4700 statuentes
1696 4649 1729 4701 ut
1746 4645 1790 4702 lu·

86 4714 286 4771 subdiaconus
296 4729 314 4769 a
324 4718 352 4768 te
363 4711 606 4784 possetobtlnere
618 4714 910 4784 responsum,multis
964 4722 1078 4780 stitutio
1089 4737 1179 4793 quam
1190 4721 1283 4779 abbas
1293 4727 1322 4779 et
1331 4724 1438 4780 iratres
1448 4726 1689 4787 Glteroiau.robie
1698 4731 1728 4788 ln
1740 4749 1792 4790 eo-

83 4803 141 4860 fult
151 4802 289 4875 expensis
304 4807 333 4857 et
347 4801 499 4858 laboribus
514 4801 664 4874 fatigatus.
679 4802 750 4860 Post
763 4802 827 4858 baso
841 4819 908 4858 vero
965 4809 1032 4865 dem
1048 4811 1113 4866 loco
1136 4813 1332 4880 morantibus,
1346 4829 1407 4870 non
1423 4819 1456 4870 nt
1466 4815 1675 4887 familiaribus,
1691 4821 1743 4876 aed
1759 4828 1791 4876 ut

83 4892 183 4949 nuntii
195 4892 236 4946 tui
247 4889 284 4948 ud
295 4891 398 4946 sedern
408 4895 503 4962 apost.
516 4887 702 4958 accedentes,
717 4894 786 4946 otte
802 4890 838 4947 ab
853 4892 908 4946 im-
963 4898 1188 4956 sarlatensibus
1198 4901 1305 4958 resim
1320 4902 1471 4974 dicuntur,
1482 4907 1633 4980 pgmgtuifl
1648 4911 1791 4980 tempori.

81 4977 908 5053 petitiouepraelstiolericiabsolverecuraremusiustau·
962 4987 1018 5052 bus
1032 4987 1143 5046 ibidem
1166 4991 1380 5052 inviolabiliter
1402 4993 1586 5064 observetur,
1602 4994 1741 5052 uidelicet
1758 5003 1792 5054 ut

83 5070 141 5124 tius
153 5065 451 5140 postularunt:quod
464 5081 524 5122 non
544 5071 705 5138 potueruut
719 5067 908 5138 atiquatenus
963 5075 1142 5134 militaribus
1165 5080 1257 5136 armis
1273 5080 1398 5138 eooinoti
1421 5088 1525 5140 contra
1550 5084 1711 5140 Saracenos
1735 5101 1789 5158 pro

84 5158 226 5216 obtinere.
247 5157 388 5213 Nolentea
403 5161 503 5212 autam
516 5155 595 5227 qnod
611 5173 664 5228 pro
680 5156 739 5214 lieo
755 5157 791 5214 de
807 5159 907 5230 provi·
962 5165 1087 5222 tuitione
1102 5169 1261 5226 Christiani
1277 5169 1379 5243 populi
1393 5171 1522 5233 ildeliter
1534 5171 1692 5228 dimicetis.
1709 5175 1788 5230 Prte-

84 5247 166 5302 sione
177 5245 291 5318 prmiati
300 5243 475 5302 subdiaconi
483 5243 907 5316 laudabilitoriuanepimuare·
964 5261 1047 5312 terea
1064 5273 1099 5312 ea
1110 5275 1174 5329 qna
1186 5257 1222 5314 de
1234 5259 1314 5316 riotn
1330 5265 1360 5316 et
1372 5260 1480 5316 vestitu
1496 5265 1591 5317 vestro
1603 5260 1717 5332 prelati
1732 5264 1789 5321 oh.

85 5335 220 5408 linquere
235 5334 454 5406 imperfectum,
469 5332 646 5392 fraternitati
661 5339 719 5390 tuse
736 5351 789 5406 per
802 5335 909 5396 iterata
962 5345 1015 5402 bas
1030 5351 1059 5404 et
1072 5345 1178 5404 iratres
1194 5347 1365 5406 Glstercien.
1384 5353 1414 5408 et
1431 5349 1602 5406 uuiversum
1625 5352 1789 5422 capitulum

87 5428 195 5498 sorii>ta
208 5424 487 5495 mandmnusat<1¹¹0
515 5424 705 5496 praecipimus
719 5429 866 5494 quatenus
882 5428 906 5482 ei
963 5435 1098 5508 ejusdem
1119 5437 1234 5494 ordinis
1257 5455 1274 5494 a
1298 5435 1381 5492 vobis
1405 5438 1581 5510 regulariter
1605 5437 1788 5501 observanda

122 5541 178 5615 (ai)
193 5539 263 5614 Gap.
279 5539 309 5599 Si
322 5541 451 5614 infidelis,
467 5541 512 5610 28,
529 5559 558 5614 q.
573 5545 600 5598 2.
