3972 6068
91 279 146 332 673
601 279 854 338 PONTIFICATUS
874 283 970 340 ANNO
989 283 1025 354 ΙΙ,
1046 286 1185 344 CHRISTI
1204 289 1283 346 1199.
1749 303 1801 360 ott

90 403 278 473 suscipimus.
305 403 479 476 specialiter
508 407 607 462 autem
641 403 916 464 archidiaconatum
930 409 1040 482 Ajure
1057 415 1086 466 et
1100 411 1213 468 dudum
1228 413 1381 473 observata
1409 421 1624 480 consuetudine
1648 425 1801 501 obtinetis,
1879 473 1881 478 ,

89 491 214 548 Wellen.
232 509 299 548 cum
321 492 448 549 ecclesia
470 494 506 549 de
530 495 608 550 tuvis
628 500 657 550 et
672 493 797 551 ecclesia
812 496 848 552 de
863 495 917 552 Su·
972 499 1092 572 injustas
1105 503 1266 560 vexationis
1282 506 1473 579 dispendium
1488 511 1630 574 subeatis.
1647 515 1683 571 Ut
1702 515 1801 592 itaque

87 581 184 636 brent.
202 581 239 637 ad
255 582 353 654 ipsum
368 582 612 640 archidiaconum
630 584 860 657 pertinentibus
877 583 917 641 si·
971 588 1075 662 religio
1087 608 1152 662 quia
1162 593 1192 648 in
1202 594 1335 651 Ecclesia
1343 602 1441 654 vestra
1451 597 1594 656 laudabili
1607 605 1741 660 noscitur
1755 607 1802 662 in-

87 675 137 726 cut
154 686 188 725 ec
199 669 280 741 juste
292 671 462 742 possidetis,
480 678 536 729 eto.
552 673 630 730 Nulli
643 690 722 747 ergo,
739 679 796 730 otc.
972 677 1077 734 choata
1087 681 1337 753 principio,bonis
1350 687 1513 744 secundum
1530 691 1623 747 licum
1636 696 1801 768 progressi·

66 759 71 772 ’
123 759 242 828 Datum,
258 765 399 831 111311ΡΜ·
972 767 1027 823 bus
1038 769 1197 841 amplietur
1213 776 1243 826 et
1256 791 1307 830 vos
1324 781 1451 832 amatre
1468 783 1565 836 vestra
1588 782 1720 840 Ecclesia
1743 787 1802 842 Ro-

446 879 552 935 ngpp
971 873 1061 914 mana
1084 859 1155 931 jura
1183 867 1279 918 vestro
1308 867 1443 922 sentiatis
1471 867 1587 927 illibata
1613 874 1733 944 servari,
1762 876 1799 932 ad

124 980 254 1020 briscono
282 983 532 1036 aecumenicam
561 986 712 1026 ziuonsivsi
738 985 771 1026 ar
790 985 879 1026 antoni
972 947 1123 1020 e¹¹⁰¹¹¹P¹ar
1132 949 1217 1004 b⁰¹¹ae
1226 954 1799 1034 memoria³C<1³l⁹⁵ti¹¹il³³²l³it³Psaedesssss·

315 1071 408 1112 sm„
429 1075 526 1114 ,summ
545 1075 691 1116 mmm
971 1037 1151 1094 sorisnostri
1163 1041 1361 1112 praesentibus
1373 1043 1481 1103 litteris
1500 1049 1582 1106 vobis
1597 1050 1737 1109 duximus
1753 1054 1800 1110 in-

89 1143 274 1201 Coaiaiittitirr
294 1145 351 1200 illis
366 1149 484 1215 cognitio
508 1164 595 1204 causae
617 1151 737 1220 episcopi
758 1149 873 1206 darien.
890 1153 916 1205 et
971 1124 1153 1228 &¹¹3⁸an
1168 1145 1206 1184 ¹¹⁶
1230 1129 1409 1190 inEccleSiis
1420 1134 1457 1191 ad
1469 1141 1761 1244 sffpsfflseptafifflffl
1772 1150 1801 1245 ef

202 1215 320 1286 [abbatis
335 1223 417 1287 arque
432 1223 590 1275 monasterii
604 1221 683 1276 0011ae
697 1223 793 1278 Nolim,
970 1215 1191 1274 ordinationem
1205 1223 1332 1276 vestram
1348 1226 1552 1294 spectantibus
1567 1229 1660 1302 aliqui
1685 1233 1799 1321 clerici,

322 1305 481 1376 (Laterani,
496 1325 514 1363 v
529 1309 571 1363 ld,
588 1309 680 1371 sulii)
970 1304 1029 1360 uisi
1043 1322 1060 1361 a
1074 1307 1155 1362 vobis
1171 1311 1341 1379 praesentati
1356 1311 1478 1384 luerint,
1495 1317 1682 1390 ordinentur,
1699 1323 1746 1378 vel
1760 1325 1799 1380 ad

123 1393 495 1468 (til)Gontroversiamquae
505 1398 916 1456 intervenerabilemlratrem
972 1410 1075 1450 earum
1090 1397 1221 1469 regimen
1233 1405 1341 1471 praeter
1351 1412 1646 1466 ascensumvestrum
1656 1415 1687 1467 et
1697 1415 1801 1470 conni-

88 1487 224 1539 aostrum
236 1484 408 1557 episcopum
424 1487 536 1543 Aurien
555 1505 590 1544 ex
607 1505 667 1545 una
678 1495 771 1562 parte.
784 1495 813 1546 et
825 1489 915 1545 abba.
972 1485 1100 1540 rentiam
1115 1486 1320 1545 admittantur.
1337 1491 1366 1546 Si
1381 1509 1449 1549 vero
1465 1499 1569 1553 contra
1582 1498 1646 1555 haec
1662 1517 1737 1558 ausu
1757 1509 1799 1560 te·

87 1579 146 1628 teni
158 1576 187 1629 et
198 1579 374 1630 conventum
386 1576 473 1631 Cella
489 1579 573 1632 Novae
585 1596 620 1634 cx
633 1579 727 1636 alteia
737 1579 915 1650 vertebatur,
972 1574 1099 1630 merceio
1116 1575 1208 1646 aliqui
1221 1578 1322 1634 venire
1338 1586 1592 1655 praesumpserint,
1603 1591 1633 1643 et
1638 1589 1708 1662 jura
1717 1591 1799 1648 vobis

87 1679 178 1734 super
188 1662 325 1718 libertate
341 1679 374 1718 ac
386 1662 570 1736 subjectione
586 1667 679 1740 ipsius
690 1667 875 1736 monasterii,
888 1672 917 1724 et
972 1663 1072 1719 debila
1087 1665 1143 1721 sibi
1160 1683 1304 1740 usurpare
1330 1675 1518 1745 tentaverint,
1534 1677 1645 1736 lactum
1668 1687 1698 1737 et
1721 1700 1799 1754 praa-

88 1752 245 1807 sententiis
260 1755 576 1812 excommunicationis
596 1763 625 1812 et
654 1758 857 1830 suspensionis
886 1758 916 1813 in
973 1754 1173 1826 sumptionem
1190 1773 1292 1813 eorum
1307 1759 1418 1818 viribus
1431 1779 1532 1822 carere
1554 1767 1753 1839 decernimus,
1769 1777 1799 1829 et

88 1841 225 1897 abbatem
242 1841 366 1912 prolatis
382 1843 451 1898 etin
464 1847 678 1903 monasterium
699 1847 859 1915 interdicti,
869 1863 915 1902 re·
932 1805 958 1870 B
974 1859 1088 1914 pervus
1104 1846 1278 1902 auctoritate
1294 1849 1466 1923 apostolica,
1483 1855 1533 1926 qui
1562 1857 1662 1915 taliter
1689 1861 1798 1918 intrusi

87 1931 215 1986 nerabili
231 1931 314 1986 lratri
338 1937 441 1988 nostro
457 1935 564 1990 Lucan.
579 1937 720 2010 episcopo
745 1943 774 1992 et
800 1935 916 1992 dilectis
970 1931 1093 2003 luerint,
1109 1935 1301 1993 concedimus
1316 1942 1445 1997 amoveri
1459 1959 1466 2010 ;
1484 1943 1541 2000 nisi
1554 1946 1641 2017 forte,
1655 1952 1733 2021 quod
1750 1955 1797 2009 ab·

89 2019 159 2076 liliis
174 2019 274 2076 abbati
290 2019 325 2075 de
339 2019 445 2076 Melon.
461 2029 489 2077 et
512 2026 545 2080 P.
560 2026 681 2082 loannis
706 2025 916 2081 archidiacono
973 2021 1026 2077 siit
1044 2025 1304 2093 presentationem
1318 2033 1347 2083 et
1362 2028 1581 2091 ordinationem
1598 2053 1701 2096 eorum
1723 2059 1797 2100 con-

88 2109 254 2164 Astoricen.
268 2111 453 2166 commisisse
468 2114 629 2170 recolimus
640 2115 699 2169 sine
711 2115 809 2170 debito
820 2117 917 2170 termi-
973 2109 1082 2165 stiterit
1095 2128 1146 2166 vos
1162 2113 1309 2171 malitiose
1333 2114 1461 2176 differre.
1479 2122 1556 2178 Nulli
1573 2142 1652 2200 ergo,
1667 2135 1734 2200 etc,
1752 2132 1799 2191 iu·

85 2198 228 2254 nondam.
240 2197 382 2267 Qui,cum
399 2200 442 2256 eis
464 2200 500 2256 de
525 2220 621 2259 causae
637 2189 751 2260 meritis
767 2205 918 2260 constitis-
973 2198 1132 2272 dulgentia
1146 2207 1267 2273 nostrae,
1283 2210 1339 2261 etc.

87 2293 142 2354 set,
152 2287 188 2342 ad
204 2288 392 2346 diffinitivam
408 2291 587 2347 sententiam
598 2298 818 2366 processerunt,
831 2293 917 2366 adju·

88 2376 448 2449 dicantessubjectionem
457 2381 630 2437 monasterii
640 2381 779 2438 Ecclesia
791 2382 917 2437 Aurien-

87 2466 264 2534 si,abbatem
276 2483 344 2522 vcro
356 2468 606 2526 etmonastcrium
615 2471 652 2526 ab
662 2472 791 2544 episcopi
801 2475 918 2526 senten·

87 2554 138 2609 tiis
147 2553 918 2632 absolventes3quemadmodumexipscrumauthen·

87 2642 919 2720 ticonobisexhibitodcmonstratur;quamidemepisco·

87 2749 145 2804 pus
152 2732 452 2804 petebatauctoritate
463 2734 542 2790 sedis
553 2737 723 2808 apostolicae
734 2737 916 2794 confirmari.

92 2823 202 2875 Verum
217 2837 252 2876 ex
267 2826 351 2892 parte
366 2821 513 2879 dictorum
528 2824 643 2882 abbatis
657 2833 685 2882 et
703 2827 918 2884 monachorum

86 2909 147 2964 luit
161 2910 346 2981 propositum
362 2928 397 2966 ex
409 2912 644 2986 adverso,ipsam
656 2917 834 2974 sententiam
845 2916 917 2972 nul-

86 2998 146 3054 lius
158 3015 222 3054 esse
234 3001 533 3074 momenti,tanquam
540 3006 843 3079 postappcllatiouem
852 3024 918 3078 pro·

88 3089 185 3144 latam
198 3093 227 3144 et
237 3106 253 3143 a
265 3090 409 3162 suspectis
416 3091 568 3162 judicibus
589 3100 618 3150 et
637 3113 726 3168 super
741 3096 865 3153 articulo
881 3095 917 3152 de

88 3195 147 3250 quo
158 3178 194 3234 lis
204 3195 263 3233 non
274 3179 331 3233 luit
341 3185 513 3237 contestata.
525 3183 632 3240 Contra
640 3187 775 3244 eamdem
796 3203 913 3259 quoque
929 3177 954 3244 C

85 3268 145 3324 alia
160 3267 295 3339 quiedam
311 3285 411 3324 coram
430 3271 512 3327 vobis
538 3276 704 3346 expressius
729 3275 911 3350 designanda
965 3315 1121 3371 nunquam
1136 3299 1217 3375 longi
1232 3308 1374 3377 temporis
1388 3309 1432 3365 ,10

86 3357 285 3413 nihilominus
302 3359 475 3415 eorumdem
503 3363 626 3418 nuntius
646 3367 822 3438 apponebat.
840 3367 913 3434 Quia

86 3463 155 3503 vero
184 3445 270 3502 uobis
299 3464 360 3503 non
389 3450 522 3504 constitit
550 3451 585 3507 de
605 3457 779 3524 praemissis,
793 3473 913 3513 causam

90 3537 186 3609 ipsam
200 3535 372 3592 discretioni
384 3544 487 3594 vestrae
498 3540 533 3596 dc
545 3559 669 3599 assensu
681 3545 811 3618 partium
824 3547 913 3603 duxi-

93 3642 160 3680 mus
176 3626 433 3694 committendam,
444 3632 666 3702 parapostolica
683 3636 793 3707 scripta
812 3637 915 3708 praci-

90 3713 201 3788 piendc
218 3715 395 3772 mandantes
409 3723 555 3788 quatenus
570 3720 605 3776 do
619 3723 741 3794 praelata
769 3727 917 3782 sententia

91 3809 315 3876 cognoscentes,
346 3805 371 3859 si
397 3823 461 3862 eam
494 3808 666 3868 inveneritis
700 3815 919 3871 rationabiliter

92 3891 184 3949 luisse
200 3893 357 3965 prolatam,
374 3895 586 3954 confirmantes
599 3899 694 3972 ipsam
718 3903 832 3961 laciatis
861 3923 918 3961 au-

95 3984 232 4040 ctoritate
241 3989 344 4039 nostra
354 3991 467 4041 remoto
479 3989 689 4060 appellationis
701 3993 853 4052 obstaculo
869 3997 921 4052 sir·

94 4073 185 4128 miter
197 4071 355 4132 observari.
368 4075 519 4148 Alioquin,
533 4095 568 4133 ex
588 4079 700 4156 integro
720 4083 755 4138 dc
766 4101 855 4141 causa
870 4104 920 4141 co-

93 4163 376 4236 gnoscentes,juxta
397 4165 525 4224 formam
549 4170 657 4241 prioris
688 4174 919 4242 commissionis,

93 4251 174 4323 quod
190 4253 368 4308 canonicum
383 4252 472 4311 luerit
484 4259 631 4328 statuatis,
647 4262 845 4334 appellatione
874 4284 920 4323 re-

95 4339 187 4409 mota,
201 4347 339 4415 cogentes
362 4350 462 4415 partes
484 4363 538 4419 per
560 4365 717 4408 censuram
742 4354 920 4411 ecclesiasti-

94 4448 172 4500 cam,
187 4435 243 4488 etc.
258 4431 352 4488 Nullis
367 4433 474 4491 litteris
490 4436 676 4497 obstantibus
691 4449 800 4514 praeter
817 4461 922 4501 assen-

1009 2289 1115 2344 Datum
1129 2291 1275 2362 laterani,
1292 2311 1320 2350 iii
1336 2297 1434 2354 Nonas
1446 2300 1526 2356 tulii.

1339 2411 1433 2468 CXIX.

1319 2515 1446 2559 cisonii.

1052 2583 1090 2636 De
1100 2586 1342 2654 procurationibus
1356 2591 1507 2652 immodicis
1520 2600 1709 2669 reprimendis.

1237 2675 1365 2748 (Datum,
1381 2686 1531 2760 utsupra.)

1008 2759 1064 2834 (62)
1080 2761 1124 2817 Ad
1139 2764 1277 2820 notitiam
1299 2769 1481 2840 apostolatus
1505 2780 1600 2834 nostrl
1627 2787 1796 2854 pervenisse

973 2853 1114 2909 noveritis
1124 2855 1413 2926 quodarchidiaconi
1426 2869 1454 2919 et
1464 2865 1607 2928 officiales
1614 2889 1716 2934 eorum
1725 2895 1795 2936 con·

973 2946 1019 2999 tra
1032 2947 1141 3000 statuta
1156 2945 1291 3003 Laterau.
1307 2951 1426 3008 concilii
1450 2955 1488 3010 ad
1514 2959 1660 3021 Ecclesias
1684 2974 1796 3028 vestrm

972 3030 1086 3105 majore
1097 3049 1186 3104 quam
1198 3033 1326 3094 debeant
1336 3056 1460 3100 numero
1473 3049 1632 3110 evectionis
1640 3059 1798 3135 accedunt,

973 3127 1003 3178 et
1017 3121 1083 3178 aliis
1098 3139 1147 3180 eas
1162 3128 1381 3197 gravaminibus
1395 3132 1528 3192 indebite
1543 3144 1745 3213 opprimentes
1756 3150 1798 3208 ita

969 3227 1071 3284 graves
1086 3211 1116 3268 in
1129 3216 1388 3285 procurationibus
1404 3223 1465 3278 suis
1476 3226 1617 3300 existunt,
1630 3235 1710 3304 quod
1721 3253 1798 3294 uon-

1435 3316 1498 3368 tum
1513 3313 1609 3374 brevis
1624 3320 1697 3378 bora
1724 3343 1797 3383 con-

968 3391 1299 3462 sumatliapropterme
1311 3395 1347 3450 de
1359 3403 1464 3454 caetero
1479 3402 1549 3460 talia
1568 3408 1682 3477 praelati
1697 3415 1791 3472 archi·

969 3475 1086 3532 diaconi
1097 3477 1141 3532 vel
1150 3477 1292 3538 officiales
1300 3491 1793 3570 eorumattentarepraesumantad

970 3565 1121 3636 exemplar
1130 3565 1494 3633 bonamemoriacoelest.
1503 3588 1793 3656 papiapraedecesso·

970 3654 1012 3710 ris
1022 3654 1117 3710 nostri
1125 3658 1298 3716 auctoritato
1307 3666 1498 3732 praesentium
1509 3669 1671 3734 districtius
1680 3680 1793 3739 inbiba-

971 3760 1048 3800 mus.
1060 3744 1129 3800 Etsi
1144 3745 1180 3800 ab
1201 3747 1373 3820 hujusmodi
1392 3757 1612 3827 gravaminibus
1625 3782 1684 3824 non
1699 3770 1793 3829 duxe-

973 3834 1034 3890 rint
1058 3833 1281 3906 abstinendum,
1298 3839 1386 3898 liceat
1408 3845 1491 3902 vobis
1512 3855 1709 3925 receptiones,
1725 3877 1796 3919 exa·

974 3923 1087 3980 ctiones
1101 3929 1131 3978 et
1144 3928 1367 3996 procurationes
1382 3933 1530 3994 indebitas
1545 3940 1703 4018 denegare.
1715 3951 1798 4016 Quod

976 4012 1000 4068 si
1021 4017 1143 4084 propter
1171 4014 1228 4070 hoc
1258 4016 1408 4077 interdicti
1422 4025 1467 4080 vel
1483 4036 1799 4098 excommunicationis

975 4101 1155 4157 senteutiam
1170 4102 1201 4158 in
1217 4104 1339 4163 clericos
1352 4110 1397 4165 vel
1405 4114 1551 4174 Ecclesiae
1561 4127 1672 4181 vestras
1689 4131 1799 4187 temere

971 4189 1098 4262 jaculari
1113 4198 1370 4266 praesumpserint,
1386 4201 1575 4278 indulgemus
1588 4211 1671 4270 vobis
1686 4221 1719 4271 ut
1731 4234 1797 4274 eam

975 4281 1796 4374 nonteneamini,utpotelatamcontrasedisapcstolicae

975 4375 1095 4436 statuta,
1112 4389 1238 4430 servare.
1255 4377 1333 4433 Nulli
1363 4397 1441 4456 erge,
1471 4391 1526 4442 etc.
1557 4389 1743 4451 inhibitionis
1772 4403 1801 4456 et

975 4459 1167 4532 indulgentiae
1180 4469 1301 4534 nostrae,
1317 4473 1373 4526 etc.

96 4536 162 4576 sum
177 4521 318 4592 partium,
333 4527 389 4578 etc.
407 4526 489 4590 Quod
504 4527 529 4582 si
543 4545 657 4598 omnes,
673 4537 728 4587 etc.
743 4531 812 4604 duo,
829 4539 884 4591 etc.
935 4535 963 4601 D
1014 4554 1130 4620 natum,
1147 4557 1284 4624 utsupra.

132 4611 196 4666 Dat.
212 4609 285 4680 Lat,
303 4612 402 4670 vidus
417 4615 497 4686 Julii,

451 4732 570 4790 CXVIII.

240 4834 337 4874 isaari
356 4835 389 4875 ur
408 4836 560 4880 convesrui
580 4841 613 4882 oe
632 4843 778 4888 vicissit.

285 4909 321 4964 be
331 4914 546 4980 praesentatione
561 4915 729 4974 clericorum.

312 4998 470 5070 (laterani,
486 5018 516 5056 ιιι
531 5003 604 5061 Νοιι.
617 5005 710 5080 tulii.)

134 5084 206 5140 Cum
221 5101 272 5140 vos
287 5091 317 5141 et
327 5087 459 5145 Ecclesia
469 5096 574 5160 vestra,
584 5093 615 5150 in
626 5111 686 5166 qua
702 5098 773 5154 estis
789 5099 825 5156 de
840 5118 922 5160 novae
978 5129 1008 5168 as

100 5172 294 5245 plantationis
309 5177 423 5252 origine
440 5185 468 5234 et
482 5184 686 5255 assumptione
706 5188 858 5262 religionis
872 5194 923 5250 Dei
977 5202 1065 5270 rium,
1080 5203 1158 5273 quod
1175 5206 1343 5276 specialiter
1356 5209 1433 5269 beati
1450 5217 1528 5274 Petri

97 5261 241 5335 obsequio
251 5267 465 5340 mancipati,do
477 5273 657 5344 gratiasedis
672 5281 841 5349 apostolicas
858 5287 922 5338 tan·

97 5367 187 5421 quani
198 5353 342 5424 speciales
354 5355 418 5426 lilii,
436 5360 614 5430 specialibus
626 5367 795 5424 merueritis
806 5369 922 5441 privile·

1350 4677 1433 4736 CXX.

1332 4779 1445 4826 sisnsii.

1146 4847 1184 4902 De
1198 4853 1401 4919 coaltonotione
1410 4859 1633 4934 privilegiorum.

1210 4937 1367 5012 (Laterani,
1383 4947 1455 5005 Nou.
1477 4950 1570 5026 tulii.)

1014 5024 1163 5080 incumbit
1176 5026 1262 5084 nobis
1277 5046 1313 5086 ex
1326 5031 1426 5091 debito
1444 5043 1603 5110 pastoralis
1628 5049 1730 5122 offleii,
1745 5058 1800 5112 etc.

1010 5130 1061 5184 que
1073 5115 1110 5168 od
1122 5115 1233 5170 vobem
1249 5120 1409 5179 annuimus
1425 5131 1455 5182 et
1469 5131 1624 5200 praelatum
1650 5147 1804 5198 monaste·
1881 5182 1887 5192 ·

1549 5221 1628 5292 juris
1644 5228 1753 5300 existit,
1770 5232 1802 5290 in

978 5290 1141 5362 quodivino
1148 5295 1308 5368 mancipati
1317 5300 1388 5356 estis
1399 5301 1552 5377 obsequia,
1566 5311 1620 5366 sub
1631 5311 1709 5371 beati
1722 5319 1801 5378 Petri

978 5385 1302 5454 etnostraprotectione
1311 5389 1489 5462 suscipimus
1499 5402 1528 5452 et
1538 5403 1693 5469 praesentis
1702 5409 1804 5482 scripti

96 5436 152 5510 giis
166 5437 316 5508 honorari,
324 5446 478 5516 providere
490 5447 624 5508 volumus
635 5469 673 5510 ne
684 5453 716 5510 in
731 5455 778 5512 bis
797 5475 863 5530 qum
887 5462 923 5519 de
978 5469 1641 5556 pagiuacommunimus.Libertatespraeterea
1652 5497 1682 5548 et
1694 5494 1804 5554 immu-

133 5539 190 5609 (ct)
208 5539 280 5596 Vide
297 5541 350 5597 lib.
367 5561 385 5610 ι,
403 5546 490 5617 epist.
508 5551 552 5604 60.

133 5611 189 5683 (62)
209 5611 281 5668 Vide
297 5631 387 5687 supra
402 5616 454 5676 lib.
471 5636 490 5688 i,
507 5622 592 5694 epist.
611 5625 663 5679 ito
679 5631 708 5681 et
721 5626 801 5686 inira
814 5625 866 5688 lib.
885 5637 928 5707 10,
945 5638 1031 5712 epist.
1048 5639 1093 5693 88.

188 5727 311 5784 Parnoi..
333 5729 438 5788 CCXIV
