3972 6068
168 287 220 342 me
665 257 868 336 innocuam
886 274 926 332 nr
944 275 999 331 er.
1019 275 1255 337 aaaasroaun
1275 281 1342 337 ua
1362 280 1398 338 u.

168 365 203 467 ac
217 407 341 482 pacitlee
359 402 531 477 possidetis,
540 404 570 457 et
580 401 611 457 in
621 369 793 458 authentico
805 398 914 472 scripto
927 397 998 454 dim·
1010 402 1041 469 Α
1400 405 1533 462 cxxxll,

171 496 272 556 casani
285 491 415 567 episcopi
425 491 558 548 conlecto
574 489 681 546 exinde
697 489 815 564 plenius
828 486 1000 546 continetur
1197 511 1295 550 rasari
1315 509 1347 550 nr
1366 511 1520 552 convanrur
1540 512 1573 552 na
1592 512 1736 552 warram.

171 585 252 642 vohis
269 589 299 641 et
314 601 367 656 per
381 598 430 638 vos
442 579 624 637 monasterio
635 585 732 636 vestro
741 578 916 652 auctoritate
927 593 999 648 apo·
1214 585 1335 642 Ecclesia
1351 589 1527 656 confirmatur
1546 589 1719 643 monasterio,

173 673 278 731 stolica
293 673 517 740 continuamus,
536 673 591 726 etc.
608 668 687 726 Nulli
703 684 783 741 ergo,
799 673 856 722 etc.
1296 673 1454 745 (Laterani,
1470 675 1533 729 Non
1548 674 1640 748 tuni.)

208 765 316 820 Datum
328 761 475 830 Laterani,
490 777 537 816 xvr
553 759 702 816 Kalendas
716 757 796 814 iulii.
1091 760 1181 816 Justis
1198 762 1374 834 petentium,
1389 769 1444 820 etc.
1462 780 1546 834 usqae
1564 765 1601 820 act
1620 766 1730 822 verbam
1745 783 1883 840 assensu,

535 876 642 932 cxxx·
1057 851 1214 906 ecclesiam
1228 850 1264 907 de
1283 852 1517 926 Badburgeham,
1533 871 1623 926 quam
1639 872 1674 911 ea
1688 859 1883 915 concessione

1056 939 1216 997 dimcesani
1232 941 1364 1015 episcopi
1377 943 1527 1012 obtinetis,
1544 945 1621 1000 sicut
1640 945 1723 1002 illam
1743 947 1824 1019 justo
1848 965 1884 1005 ac

1057 1030 1181 1101 pacifice
1191 1031 1349 1103 possidetis
1364 1036 1393 1088 et
1403 1033 1433 1087 in
1446 1033 1615 1090 authentico
1625 1035 1733 1108 scripto
1747 1037 1883 1109 ejusdem

1057 1120 1188 1191 episcopi
1203 1120 1339 1176 coniecto
1353 1121 1459 1178 exinde
1471 1122 1589 1194 plenius
1604 1125 1785 1194 continetur,
1802 1127 1885 1183 vobis

1058 1213 1087 1262 et
1102 1225 1218 1282 perros
1234 1211 1415 1270 monasterio
1431 1217 1528 1268 vestro
1548 1214 1721 1271 auctoritate
1737 1216 1884 1288 apostoli-

1058 1315 1102 1368 ca,
1118 1304 1174 1354 etc.
1190 1299 1269 1354 Nulli
1284 1315 1363 1374 ergo,
1380 1305 1437 1358 etc.

1095 1389 1200 1444 Datum
1216 1390 1362 1462 Laterani,
1376 1390 1466 1446 Nonis
1480 1390 1561 1447 Julii.

208 1467 454 1526 inaudientiam
469 1463 653 1538 apostolatus
670 1461 765 1519 nostri
780 1461 921 1518 noveritis
936 1475 1003 1532 per·
1396 1481 1542 1537 cmm,

175 1559 290 1617 venisse
306 1554 387 1630 quod
402 1572 470 1612 (illm
486 1554 558 1610 Olim
583 1558 644 1609 iam
657 1569 675 1609 ἃ
690 1551 798 1608 dilecto
820 1550 883 1607 filio
898 1548 1004 1605 abbate
1176 1583 1260 1623 pgmo
1287 1583 1516 1626 COHPOSTELLANo
1540 1586 1761 1629 ARCHIEPISCOPO·

176 1651 290 1706 Sffllssiffl
305 1647 406 1702 Gfflssls
422 1645 458 1701 de
469 1643 606 1700 walthan
618 1658 708 1714 ‘luam
720 1639 849 1714 ⁰³Pii1¹10
861 1656 913 1694 ⁵¹¹0
923 1655 1003 1694 ⁰0¹⁰·
1063 1655 1096 1709 Ut
1109 1655 1182 1710 inter
1196 1657 1345 1713 Ecclesiam
1375 1659 1616 1730 compostellanam
1644 1668 1669 1715 et
1691 1663 1886 1719 Brocarmsem

176 1737 261 1796 muni
272 1731 670 1793 consiliolueritordinatum
676 1731 834 1802 pecuniam
843 1743 946 1785 eorum
957 1727 1004 1783 in·
1018 1775 1044 1842 Β
1262 1732 1334 1785 inita
1350 1733 1497 1786 transactio
1513 1731 1676 1787 observem,

176 1833 258 1899 tegre
273 1826 304 1880 in
320 1840 378 1879 uno
394 1821 545 1893 marsupio
566 1819 738 1893 congregari
762 1825 791 1874 et
814 1815 924 1874 servari
950 1831 1003 1887 per
1325 1817 1443 1891 (Datum
1458 1820 1616 1893 Laterani.)

178 1914 374 1971 duosveltres
386 1909 719 1981 canonicosadhocper
730 1906 851 1964 eosdem
866 1905 1003 1962 abbatem
1093 1905 1150 1976 (64)
1172 1904 1252 1962 Licet
1276 1922 1369 1963 unum
1395 1907 1434 1963 sit
1457 1925 1564 1980 corpus
1586 1909 1735 1981 Ecclesiae,
1765 1912 1797 1968 in
1828 1931 1887 1986 quo

179 2009 208 2060 et
221 2003 385 2076 capitulum
399 2001 550 2056 voluntate
571 1998 705 2056 unanimi
723 1997 889 2070 deputatos,
906 1994 956 2066 qui
972 1994 1003 2049 iu
1058 1993 1191 2050 Christus
1202 1998 1248 2050 est
1257 2001 1355 2068 caput,
1370 2002 1399 2052 et
1411 1997 1539 2053 universi
1548 1998 1651 2055 fideles
1661 2003 1887 2074 suntmernbre,

173 2091 432 2167 praesentiaipsius
443 2083 1005 2156 abbatisetdilectorumssliorumprio-
1058 2083 1109 2139 ille
1127 2089 1226 2140 tamen
1242 2085 1293 2158 qui
1309 2103 1326 2141 a
1341 2085 1457 2142 Christo
1474 2093 1559 2159 petra
1583 2087 1679 2145 dietus
1704 2096 1749 2146 est
1769 2094 1887 2152 Petrus.

174 2183 217 2239 ris
230 2187 259 2238 et
270 2179 607 2252 subpriorisneenonet
617 2177 708 2232 trium
719 2175 846 2232 aliorum
858 2172 894 2228 de
905 2171 1002 2228 senio·
1059 2171 1148 2228 etiam
1163 2191 1181 2230 a
1204 2173 1319 2231 Christo
1335 2177 1431 2248 capite
1445 2182 1564 2233 vocatus
1579 2184 1624 2234 est
1643 2184 1740 2252 caput,
1757 2181 1822 2253 ipso
1839 2189 1888 2241 te-

172 2271 257 2327 ribus
269 2264 827 2343 pereumdemabbatemetcapitulum
839 2262 1002 2319 electorum
1059 2266 1166 2330 stante,
1183 2263 1234 2334 qni
1248 2263 1307 2320 ait:
1322 2267 1362 2320 Ta
1383 2265 1520 2321 vocaberis
1542 2267 1645 2338 cephas
1669 2271 1757 2340 (Joaa.
1784 2289 1804 2339 r,
1828 2276 1887 2348 ta).

172 2359 297 2434 singulis
310 2359 405 2414 tribus
415 2357 568 2414 mensibus
579 2355 616 2412 de
629 2354 771 2428 praedicta
782 2353 887 2426 pecuia
897 2350 1002 2408 redde·
1058 2350 1141 2417 Quod
1157 2353 1321 2409 secundum
1332 2371 1421 2410 unam
1431 2355 1709 2428 interpretationem
1728 2365 1889 2433 exponitur

173 2450 408 2516 rantrationem,
419 2439 1003 2522 constitutioneipsapostmodumasede
1058 2449 1159 2513 eaput:
1177 2443 1256 2516 quia,
1272 2445 1349 2500 sicut
1363 2445 1518 2518 plenitudo
1534 2465 1676 2504 sensuum
1697 2452 1831 2510 abundat
1855 2456 1887 2511 in

175 2537 339 2613 apostolica
354 2537 540 2604 confirmata,
567 2534 742 2607 sepedictus
762 2531 864 2599 abhas,
881 2529 1003 2604 capitul¹
1058 2531 1164 2602 capite,
1176 2532 1213 2588 ud
1225 2539 1404 2591 caeteravero
1418 2537 1627 2610 membrapars
1643 2539 1743 2613 aliqua
1752 2543 1887 2618 plenitu-

175 2627 448 2698 suinonrequisito
462 2621 1004 2696 assensu,etcustodeseligiteteom-
1058 2619 1137 2676 dinis
1161 2621 1320 2692 derivatur,
1346 2624 1386 2680 ita
1408 2627 1506 2680 caeteri
1528 2628 1621 2684 vocati
1641 2631 1754 2686 suntin
1768 2640 1886 2705 partem

177 2717 361 2791 putationem
376 2715 457 2771 solus
472 2714 578 2786 recipit
591 2712 713 2784 proprie
732 2711 894 2766 voluntate.
921 2708 1003 2765 Unde
1059 2709 1282 2782 sollicitudinis,
1295 2711 1376 2769 solus
1388 2719 1486 2769 autem
1496 2715 1600 2772 Petrus
1616 2725 1788 2792 assumptus
1800 2723 1888 2778 estin

177 2806 339 2865 noseidem
350 2803 449 2861 abbati
458 2820 511 2876 per
524 2803 635 2874 scripta
645 2807 748 2856 nostra
758 2797 1005 2856 mandavimusut
1058 2798 1278 2870 plenitudinem
1294 2804 1468 2874 potestatis:
1484 2804 1521 2860 ad
1538 2822 1637 2877 quem,
1653 2808 1783 2867 velutad
1799 2821 1889 2884 eaput

173 2895 417 2954 constitutionem
429 2894 526 2966 ipsam
542 2891 670 2958 studeat,
687 2890 764 2945 sicut
779 2888 843 2944 sine
860 2887 1003 2960 pravitate
1058 2887 1188 2960 majores
1199 2889 1338 2945 Ecclesiae
1355 2907 1451 2948 causae
1470 2910 1530 2948 non
1540 2899 1600 2950 tam
1614 2898 1828 2956 constitutione
1840 2919 1890 2957 ea-

176 2987 253 3043 iacta
264 2989 318 3053 est,
330 2981 542 3039 inviolabiliter
552 2980 718 3046 observare,
731 2993 768 3034 ne
781 2977 941 3033 utilitatem
950 2977 1005 3030 Ec·
1059 2977 1166 3033 nonica
1178 2994 1267 3050 quam
1280 2979 1468 3037 institutione
1479 2981 1577 3040 divina
1588 2986 1694 3042 merito
1705 2987 1888 3047 referuntur:

171 3073 269 3132 clasiae
285 3072 419 3129 videatur
434 3072 466 3127 in
481 3070 581 3142 aliquo
606 3067 763 3141 impedire.
795 3065 939 3133 Quocirca
959 3065 1003 3120 di·
1059 3067 1227 3139 intorques
1242 3067 1370 3125 illanon
1394 3070 1519 3128 minima
1539 3079 1694 3146 reputatur
1718 3094 1784 3149 qum
1809 3079 1890 3137 inter

177 3164 318 3221 soretioni
331 3165 435 3219 vestrm
457 3177 511 3232 per
523 3158 686 3234 apostolica
700 3157 810 3229 scripta
826 3153 1003 3211 mandamus
1018 3135 1043 3204 C
1059 3157 1331 3229 eompostellenam
1347 3165 1376 3215 et
1385 3161 1542 3218 Bracaren.
1554 3165 1701 3222 Ecclesias
1717 3183 1807 3240 super
1817 3187 1888 3242 qua-

172 3258 320 3326 qnatenus
336 3251 360 3308 si
376 3249 551 3322 sepedictus
562 3247 653 3304 abhas
664 3244 998 3320 juxtamandatamno-
1051 3251 1119 3302 tuor
1133 3247 1363 3320 episcopatibus,
1379 3249 1517 3306 videlicet
1538 3252 1760 3326 colimbriensi,
1777 3257 1886 3314 Lame-

173 3347 268 3400 strum
285 3340 529 3398 constitutionem
542 3337 716 3411 praedictam
731 3335 886 3392 observare
897 3333 998 3407 negle-
1053 3335 1146 3404 censi,
1160 3337 1276 3392 Visensi
1292 3343 1321 3395 et
1335 3339 1527 3412 Egitaniensi,
1544 3359 1579 3398 ex
1594 3342 1780 3418 delegatione
1803 3349 1885 3406 sedis

176 3431 263 3500 xerit,
278 3447 328 3486 vos
344 3427 462 3487 eumad
478 3426 713 3485 observationem
727 3423 861 3498 eiusdem
872 3423 1001 3479 auctori-
1054 3425 1225 3496 apostolicae
1240 3425 1329 3500 longo
1344 3427 1401 3484 luit
1415 3433 1548 3502 tempore
1564 3431 1619 3487 sub
1635 3432 1760 3490 diversis
1771 3433 1884 3506 judiei-

174 3526 235 3578 tate
245 3520 500 3593 praesentiumper
510 3531 668 3573 censuram
679 3513 1004 3581 ecclesiasticam,sicut
1055 3513 1110 3569 bus
1125 3515 1280 3572 ventilata:
1298 3534 1385 3588 quam
1400 3534 1454 3575 nos
1464 3525 1583 3578 auctore
1599 3522 1734 3590 Domino,
1751 3529 1778 3579 te
1791 3526 1886 3584 irater

173 3611 288 3683 justum
303 3609 402 3678 luerit,
419 3607 619 3681 appellatione
639 3609 764 3672 remota,
782 3603 904 3678 cogatis.
920 3600 1003 3668 Quod
1057 3603 1278 3677 archiepiscope
1290 3607 1885 3678 compostellanensis,etvenerabilitra-

176 3699 201 3758 ei
217 3714 331 3764 omnes,
347 3702 403 3754 etc.
420 3701 462 3765 tu,
478 3697 570 3752 irater
584 3693 819 3766 archiepiscope,
836 3697 892 3747 etc.
1058 3697 1102 3747 tre
1118 3699 1219 3749 nostro
1234 3695 1269 3750 bl.
1288 3695 1459 3752 bracarensi
1472 3699 1695 3774 archiepiscopo
1707 3720 1761 3775 pro
1772 3705 1885 3762 diffini-

217 3789 322 3844 llatum
338 3785 484 3854 Laterani,
499 3785 591 3842 Nonis
604 3782 684 3840 Julii.
1059 3781 1140 3838 tione
1156 3782 1245 3855 hujus
1255 3800 1353 3840 cauam
1373 3787 1580 3858 presentibus,
1604 3797 1707 3848 exacta
1732 3793 1890 3866 diligentia

532 3918 643 3975 CXXXI
1061 3871 1228 3928 curavimus
1252 3875 1423 3931 terminare.
1449 3876 1574 3934 Petebas
1596 3879 1743 3952 siquidem
1767 3899 1784 3940 a
1808 3885 1888 3943 dicto

646 3957 653 3972 '
1062 3962 1890 4048 Bracarenarcbiepiscopoquatuorpraelatosepiscopa-

851 4035 990 4076 mmm·
1062 4055 1121 4119 tus,
1144 4065 1283 4108 asserens
1304 4068 1355 4108 eos
1379 4053 1415 4109 ad
1439 4055 1708 4128 compostellanam
1724 4062 1888 4120 Ecclesiam

387 4131 546 4206 (Laterani,
561 4147 609 4186 xvr
625 4130 689 4186 ital.
705 4128 798 4200 tulii.)
1060 4139 1128 4213 jure
1139 4141 1357 4214 metropolitico
1368 4145 1622 4216 pertinereluam
1632 4153 1732 4206 autem
1743 4150 1892 4210 intentio·

211 4243 296 4300 Sicut
314 4240 418 4298 dilecti
434 4237 489 4296 tilii
505 4238 598 4296 abbas
614 4241 643 4294 et
655 4240 817 4293 conventus
828 4234 864 4290 de
875 4234 1012 4290 Waltbau
1064 4245 1133 4284 nem
1144 4229 1268 4285 lundare
1281 4230 1486 4304 multiplieiter
1499 4234 1653 4306 nitebaris,
1669 4255 1723 4311 per
1737 4240 1893 4316 privilegia

176 4333 263 4394 nobis
273 4331 447 4406 significare
455 4333 607 4396 curarunt,
621 4327 751 4399 quidam,
765 4342 840 4398 quos
853 4324 935 4380 vobis
945 4342 1013 4396 pro·
1065 4335 1119 4390 per
1132 4319 1267 4388 eoncilia,
1283 4338 1337 4392 per
1352 4321 1505 4389 historias,
1521 4339 1575 4395 per
1596 4324 1767 4396 divisiones,
1781 4347 1835 4401 per
1847 4331 1893 4386 sa-

177 4424 251 4498 priis
268 4420 445 4478 nominibus
459 4416 666 4491 designabunt,
678 4415 846 4472 libertatem
859 4415 901 4470 eis
913 4420 1013 4470 otmo-
1067 4425 1147 4465 mam
1170 4415 1199 4465 et
1219 4427 1271 4482 per
1295 4411 1485 4468 sententiam.
1508 4413 1616 4470 Volens
1632 4417 1712 4472 enim
1726 4420 1893 4490 apostolica

179 4504 720 4579 nasterioeorumabapostolicasede
737 4521 908 4560 concessam
925 4521 1004 4575 prm·
1022 4510 1049 4576 Β
1068 4498 1153 4554 sedes
1172 4499 1441 4572 Compostellauam
1462 4503 1624 4560 Ecclesiam
1647 4523 1701 4576 pro
1725 4513 1894 4568 reverentie

178 4599 525 4674 sumptuosatemeritate
538 4596 714 4669 infringunt,
730 4594 885 4666 ipsisalias
895 4593 1004 4650 damna
1065 4587 1144 4644 beati
1154 4588 1254 4644 iacobi
1265 4591 1402 4662 apostoli,
1419 4592 1504 4664 cnjus
1519 4594 1721 4652 venerandum
1736 4613 1844 4670 corpus
1861 4601 1893 4655 in

178 4689 277 4764 gravia
292 4693 321 4744 et
335 4687 462 4760 injurias
481 4684 649 4758 irrogando.
674 4683 803 4756 ideoque
826 4681 1004 4738 fraternitati
1060 4697 1095 4737 ea
1106 4681 1259 4737 conditum
1268 4683 1440 4754 requiescit,
1451 4684 1573 4757 speciali
1585 4687 1738 4762 privilegio
1750 4689 1896 4748 decorare

176 4782 281 4834 vestra
298 4775 528 4850 parapostolica
541 4775 650 4846 scripta
664 4771 842 4828 mandamus
858 4777 1005 4843 quatenus
1060 4770 1235 4845 dignitatem
1250 4772 1442 4829 Emeritensis
1466 4775 1652 4847 metropolis
1681 4783 1897 4850 qumpeccatis

179 4868 354 4926 eorumdem
377 4866 584 4922 molestatores
606 4864 743 4937 injustos,
760 4867 793 4918 ut
814 4859 849 4918 ab
871 4863 1005 4934 ipsorum
1062 4859 1278 4934 exigentibusa
1293 4861 1388 4936 longis
1404 4869 1484 4918 retro
1502 4864 1686 4936 temporibus
1702 4883 1796 4939 usque
1813 4886 1899 4925 nunc

177 4958 347 5032 gravamine
364 4961 393 5012 et
408 4954 541 5011 indebita
555 4953 746 5010 intestatione
762 4952 927 5024 quiescant,
939 4969 1005 5024 per·
1063 4947 1219 5004 barbarica
1232 4955 1349 5006 tenetur
1363 4951 1479 5007 scritate
1495 4951 1620 5025 captiva,
1637 4953 1735 5012 eidem
1752 4957 1898 5015 Ecclesia

179 5047 333 5103 mittentes
349 5062 399 5101 eos
411 5043 534 5116 pacifice
550 5043 608 5098 frui
630 5043 770 5098 libertate
795 5040 851 5096 sibi
867 5041 903 5098 ab
918 5057 1006 5113 apos·
1064 5055 1131 5094 cum
1147 5037 1315 5112 integritate
1340 5040 1496 5096 Lusitania
1512 5042 1672 5114 provincia
1688 5044 1808 5102 liberali
1824 5065 1899 5106 con-

181 5135 271 5192 tolica
285 5133 355 5192 sede
371 5149 522 5201 concessa,
538 5149 591 5204 per
605 5147 763 5188 censuram
775 5131 1007 5186 ecclesiasticam
1063 5127 1200 5184 cessione
1216 5126 1344 5198 donavit,
1361 5129 1438 5186 sicut
1451 5130 1604 5206 privilegia
1618 5133 1717 5190 felicis
1732 5151 1823 5192 mem.
1840 5140 1897 5194 Ca-

182 5223 383 5298 appellatione
396 5222 561 5295 postposita
575 5220 770 5292 compellatis.
783 5219 877 5276 Nullis
888 5219 1006 5288 litteris,
1062 5205 1127 5272 linti
1137 5218 1558 5290 papaepraedecessorisnostri
1567 5222 1680 5294 liquido
1693 5229 1900 5296 protestantur

184 5319 239 5370 etc.
257 5312 340 5379 Quod
356 5312 381 5367 si
396 5311 494 5380 ambo,
511 5316 567 5368 etc.
584 5309 668 5377 alter,
685 5315 741 5365 etc.
1065 5309 1126 5362 tres
1138 5305 1175 5361 de
1188 5307 1609 5382 suffraganeisepiscopatibus
1620 5313 1790 5384 exprimens
1798 5321 1901 5375 uomi-

220 5403 327 5457 Datum
342 5399 490 5470 Laterani,
503 5415 550 5454 xvr
564 5398 627 5456 llal.
643 5397 722 5455 tulii.
1065 5395 1172 5464 natim,
1188 5395 1325 5454 videlicet
1339 5397 1897 5470 colimbriensemsalamantinensem

172 1001 386 1044 naunrnetscoro
406 999 615 1050 canrunnutnst,
639 999 674 1038 DE
694 996 805 1038 CERESlA
824 995 857 1036 ΕΤ
875 994 910 1034 DE
928 993 1000 1033 utan-

459 1091 536 1130 srntn
555 1088 714 1130 Annamatia.

177 1185 210 1242 Ut
224 1183 349 1239 abbatem
377 1183 406 1238 S.
425 1181 518 1239 Gracia
534 1181 666 1249 tepitimae
681 1177 869 1234 constitutioni
882 1192 933 1246 per
951 1190 1004 1246 pa·

343 1270 412 1326 pom
426 1253 584 1324 approbata
599 1251 708 1306 obedire
723 1255 831 1320 capeat.

416 1358 577 1430 (Laterani,
593 1359 656 1414 Non
669 1355 761 1428 tulii.)

194 4043 391 4086 uamuantanst
411 4041 632 4082 anuntnrtsooro
651 4039 685 4080 ET
703 4037 832 4078 RPlSGOl‘O

227 5597 283 5670 (ab)
300 5595 371 5653 Vide
386 5596 464 5654 intra
479 5595 564 5669 epist.
580 5597 641 5650 tta.
