3972 6068
185 303 238 354 783

677 293 880 352 INNOCENTII
899 292 938 346 111
957 291 1013 346 PP.
1034 288 1269 346 REGESTORUM
1289 287 1355 344 LIB.
1374 290 1410 345 ll.

1848 289 1906 341 784

186 425 351 484 naslerium
368 425 465 480 Sancti
481 422 656 480 Columbani
673 421 827 477 [lobiensis
839 425 868 474 et
881 419 912 475 in
928 417 1012 490 spiri·
1026 422 1055 484 Α
1072 429 1124 488 pro
1141 419 1276 488 tempore
1301 415 1429 485 fuerant,
1454 433 1486 471 se
1510 432 1605 488 usque
1631 416 1669 472 nd
1684 415 1747 470 hec
1766 419 1907 486 tempora

187 514 318 570 tualibus
334 529 428 585 usque
444 513 516 568 adeo
533 512 572 568 sit
586 511 789 583 collapsumet
803 510 834 564 in
843 506 1016 578 temporali-

188 604 244 660 bus
261 603 350 658 etiam
367 602 559 666 diminutum,
576 601 666 672 quod,
682 599 739 654 nisi
749 615 803 671 per
813 596 955 653 auxilium
971 595 1017 651 di-

187 693 263 748 vine
278 692 380 764 gratie
407 695 577 762 nostreque
602 687 813 745 sollicitudinis
838 687 1016 752 interventu,

187 782 235 836 vix
250 787 386 852 speretur
401 779 495 852 ipsius
517 779 665 851 reparatio
689 781 876 849 proventura.
893 777 928 830 Et
943 789 1017 844 quo-

189 871 270 926 niam
295 869 439 924 instantia
463 873 566 924 nostra
589 866 764 940 quotidiana
785 870 829 920 est
853 861 1016 920 secundum

189 959 375 1032 Apostolum,
388 957 520 1012 omniurn
533 956 731 1013 Ecclesiarum
742 951 910 1010 sollicitudo
922 949 1018 1006 conti-

189 1065 259 1118 nua,
271 1064 326 1102 nec
337 1063 441 1102 omnes
453 1041 1018 1118 possumuspersonalitervisitare,ma-

184 1136 303 1211 joribus
319 1137 464 1208 occupati,
480 1139 599 1190 nostras
623 1131 704 1189 vobis
725 1132 803 1186 vices
818 1130 849 1186 in
864 1130 919 1185 bac
933 1133 1016 1199 parte

189 1226 329 1282 duximus
337 1223 721 1290 committendas,concessa
729 1220 812 1276 vobis
822 1217 1017 1291 plenariapo-

189 1319 296 1371 testate
311 1313 479 1386 corrigendi
493 1318 554 1368 tam
571 1313 603 1367 in
618 1311 713 1383 capite
727 1325 817 1380 quam
828 1309 859 1363 in
875 1305 1017 1364 membris

192 1420 257 1476 que
272 1403 385 1458 luerint
398 1401 573 1474 corrigenda
589 1406 619 1456 et
633 1397 778 1471 puniendi
800 1413 854 1469 per
877 1410 1018 1452 censuras

192 1492 419 1560 ecclesiasticas,
436 1491 525 1561 siqui
543 1490 625 1545 vobis
641 1493 832 1544 contumaces
851 1483 1019 1541 exstiterint

1071 502 1269 559 vindicarunt.
1286 503 1409 560 Petebat
1422 505 1512 578 igitur
1527 505 1606 561 idem
1622 504 1733 560 electus
1747 509 1908 559 monaste-

1071 592 1149 647 rium
1165 593 1262 664 ipsum
1276 593 1307 648 in
1327 609 1380 649 sua
1392 593 1530 650 libertate
1546 610 1581 650 ac
1594 593 1714 666 speciali
1730 591 1908 663 apostolice

1072 680 1151 736 sedis
1162 679 1348 753 subjectione
1355 683 1509 753 servari,et
1518 683 1612 755 ipsius
1621 680 1848 738 renuntiatione
1860 697 1911 736 re-

1071 775 1166 842 cepta,
1177 771 1228 842 qui
1239 787 1270 827 se
1285 771 1472 844 proponebat
1480 773 1711 830 insulllcientem
1721 771 1757 828 ad
1769 772 1910 844 regimen

1072 861 1452 929 abbatie,cidemcoenobio
1461 861 1736 936 depastoreidoneo
1745 861 1913 936 provideri,

1071 950 1117 1006 vel
1128 949 1153 1006 si
1164 949 1241 1005 torte
1253 949 1442 1022 judicaretur
1454 950 1598 1019 idoneus;
1615 951 1672 1007 sibi
1688 967 1798 1007 munus
1813 950 1913 1006 bene-

1078 1039 1220 1096 dictionis
1235 1039 1375 1108 conlerri,
1392 1045 1422 1096 et
1443 1041 1521 1097 sicut
1542 1041 1578 1096 de
1602 1047 1793 1096 antecessore
1817 1039 1915 1112 ipsius

1074 1129 1189 1185 lactum
1207 1128 1315 1197 luerat,
1337 1145 1392 1202 per
1406 1131 1569 1186 Romanam
1583 1129 1743 1186 Ecclesiam
1758 1128 1912 1195 benedici,

1072 1216 1326 1291 quemadmodum
1342 1234 1377 1274 ex
1391 1218 1499 1274 litteris
1525 1219 1706 1275 authenticis
1729 1217 1911 1290 apparebat.

1073 1313 1149 1368 Sane
1159 1307 1322 1380 premissis
1333 1307 1553 1381 objectionibus
1564 1308 1689 1365 dilectus
1701 1308 1814 1365 lilius...
1825 1323 1909 1364 nun·

1072 1397 1131 1454 tius
1147 1401 1225 1464 tuus,
1239 1395 1310 1452 licet
1331 1413 1466 1468 presens
1487 1397 1616 1460 alluerit.
1643 1397 1719 1452 nihil
1741 1397 1837 1453 voluit
1862 1413 1912 1454 re·

1073 1485 1235 1558 spondere,
1252 1483 1289 1541 ob
1306 1485 1366 1541 alia
1380 1503 1446 1559 que
1465 1491 1631 1558 sequuntur
1653 1503 1685 1542 se
1707 1501 1848 1542 asserens
1873 1486 1912 1542 ad

194 1587 224 1637 et
233 1580 371 1636 rebelles.
386 1581 528 1645 Quocirca
539 1577 711 1634 discretioni
722 1581 824 1631 vestre
835 1591 889 1647 per
900 1577 1020 1646 aposto·
1078 1580 1212 1631 nostram
1222 1574 1413 1646 presentiam
1424 1574 1606 1631 destinatum
1617 1591 1624 1643 ;
1637 1575 1772 1647 quamvis
1782 1591 1913 1632 venera-

193 1671 253 1726 lica
268 1670 377 1740 scripta
386 1668 563 1724 mandamus
575 1672 722 1739 quatenus
736 1665 775 1721 ad
790 1665 901 1720 dictum
916 1678 1018 1718 ceno·
1078 1662 1148 1719 bilis
1160 1662 1252 1718 trater
1266 1668 1369 1718 noster
1380 1663 1713 1737 Vercellenepiscopus,
1724 1665 1798 1720 olim
1811 1665 1913 1721 Eccle·

194 1759 276 1814 bium
288 1758 399 1830 pariter
409 1757 687 1826 accedentes,super
697 1753 876 1825 statuipsius
886 1751 1020 1822 inquira-
1089 1752 1140 1808 sie
1164 1751 1318 1807 Bobiensis
1345 1750 1468 1818 electus,
1497 1752 1591 1810 multa
1613 1769 1666 1825 pro
1682 1753 1747 1826 ipsa
1761 1752 1915 1810 studuerit

197 1849 235 1904 tis
244 1847 363 1919 plenius
373 1846 529 1900 veritatem
539 1849 569 1900 et
580 1845 674 1898 Deum
685 1842 829 1898 habentes
844 1857 905 1912 pre
918 1839 1023 1896 oculis·
1078 1841 1219 1914 allegare.
1241 1841 1313 1897 Cum
1343 1841 1424 1897 enim
1449 1841 1605 1914 prelatum
1633 1842 1853 1900 monasterium
1879 1841 1915 1898 de

196 1937 260 1992 sine
272 1950 465 2007 personarum
481 1932 654 2004 acceptione
665 1929 810 2003 quidquid
821 1928 932 1985 ibidem
944 1928 1025 1984 inve·
1080 1930 1250 2002 multaque
1263 1929 1293 1984 in
1310 1945 1345 1985 eo
1360 1929 1515 2003 religionis
1530 1931 1621 2005 viguit
1635 1930 1836 2000 observantia,
1849 1931 1914 2002 J'am

197 2025 302 2080 neritis
317 2022 537 2096 corrigendum,
555 2020 698 2092 requisito
713 2019 838 2075 consilio
849 2016 1026 2074 venerabilis
1080 2019 1118 2076 ad
1128 2023 1241 2076 tantam
1253 2019 1292 2075 sit
1301 2019 1814 2082 dissolutionemordinismonastici
1825 2021 1916 2077 dero-

197 2114 299 2170 lratris
310 2112 403 2168 nostri
415 2110 546 2182 episcopi
558 2109 723 2177 Bobiensis,
735 2112 837 2164 nostra
847 2106 915 2162 lreti
925 2112 1028 2163 aucto·
1081 2109 1188 2177 lutum,
1201 2107 1280 2180 quod
1291 2109 1337 2164 vix
1347 2109 1378 2164 in
1390 2108 1497 2166 abbate
1511 2126 1545 2166 ac
1561 2110 1715 2166 monacbis
1725 2110 1851 2182 aliquod
1862 2127 1915 2166 va-

199 2201 298 2266 ritate,
315 2203 429 2254 remoto
445 2196 656 2269 appellationis
672 2193 837 2263 obstaculo,
854 2192 1026 2266 corrigatis;
1081 2199 1143 2254 leat
1172 2198 1325 2271 religionis
1354 2198 1510 2271 vestigium
1540 2199 1689 2266 inveniri;
1720 2204 1751 2255 tu
1766 2200 1915 2272 quoniam

200 2289 287 2361 qu‘ns
298 2287 425 2342 electum
444 2287 582 2342 siminus
597 2284 701 2341 utilem
715 2282 888 2340 inveneritis
902 2283 940 2338 ad
955 2282 1028 2354 regi·
1082 2287 1917 2358 idemmonasteriumtuesollicitudiniestcommissum,

202 2395 272 2434 men
287 2376 425 2444 abbatie,
442 2375 506 2431 sine
527 2374 700 2448 prejudicio
717 2377 779 2428 tam
794 2371 924 2444 episcopi
939 2387 1029 2442 quam
1084 2377 1178 2434 electo
1194 2375 1302 2432 dedisti
1318 2376 1409 2432 etiam
1424 2376 1455 2432 in
1483 2377 1591 2433 virtute
1606 2376 1796 2444 obedientie,
1825 2393 1917 2448 quam

203 2469 292 2524 etiam
311 2465 485 2522 monasterii
501 2465 566 2537 ejus
579 2463 780 2536 resignatione
793 2466 923 2532 recepta,
940 2460 1030 2516 talem

203 2556 314 2612 ibidem
330 2561 480 2627 pastorem
495 2571 550 2626 per
564 2552 742 2608 electionem
754 2550 929 2606 canonicam
944 2548 1031 2604 insti-

204 2651 287 2700 tuere
299 2644 464 2717 procuretis
475 2643 525 2714 qui
534 2648 565 2698 et
573 2641 714 2715 prodesse
725 2639 840 2696 noverit
849 2643 878 2694 et
887 2654 1030 2711 preesse

204 2733 345 2789 attentius
356 2731 501 2804 provisuri
516 2737 549 2787 ut
564 2730 737 2786 mandatum
753 2727 949 2800 apostolicum
965 2726 1031 2782 tali·

203 2829 250 2880 ter
266 2821 472 2894 exsequamini
489 2819 568 2892 quod
584 2818 753 2876 sollicitudo
769 2823 866 2873 vestre
881 2815 987 2873 debeat
1001 2817 1032 2872 in

206 2911 331 2967 Domino
347 2909 561 2966 commendari.

242 3000 348 3055 Datum
370 2997 515 3054 Laterani.

550 3087 691 3142 ccxx1V.

475 3193 602 3233 BOElEttSl
626 3192 768 3232 srrscoro.

331 3269 366 3322 lle
382 3266 507 3322 libertate
520 3265 680 3322 monosterii
699 3267 728 3321 S.
746 3265 916 3322 columboni.

403 3354 641 3428 (Laterani,1lal.
659 3353 852 3426 Decembris.)

1085 2465 1138 2521 tibi
1154 2464 1336 2537 prestiterat
1347 2464 1530 2534 manualem,
1547 2465 1655 2537 sepius
1671 2465 1702 2520 in
1717 2464 1874 2521 mandatis
1889 2473 1918 2520 ut

1085 2555 1116 2610 in
1132 2554 1272 2622 claustro,
1289 2569 1307 2609 a
1320 2553 1451 2626 vesperis
1465 2553 1663 2626 precedentis
1682 2553 1742 2610 diei
1756 2554 1857 2610 donec
1873 2555 1918 2610 die

1086 2643 1224 2716 sequenti
1240 2642 1401 2698 missarum
1417 2641 1565 2699 solemnia
1578 2643 1746 2712 linirentur,
1760 2643 1917 2700 silentium

1087 2736 1264 2799 servaretur,
1291 2730 1397 2789 tratres
1422 2732 1453 2787 in
1477 2731 1633 2789 refectorio
1657 2732 1694 2789 ab
1709 2749 1763 2788 esu
1778 2734 1918 2790 carnium

1087 2821 1285 2890 abstinerent,
1297 2819 1380 2877 cibos
1390 2821 1527 2896 religioni
1538 2827 1696 2894 aptos,non
1709 2822 1773 2878 sine
1789 2822 1919 2878 lectione

1090 2926 1181 2966 sacre
1211 2910 1381 2982 Scriptnre,
1405 2927 1473 2966 curn
1496 2911 1615 2968 silentio
1636 2911 1812 2979 comesturi,
1830 2918 1861 2968 et
1874 2912 1918 2966 di·

1089 2999 1189 3054 missis
1207 2997 1407 3072 singularibus
1421 2999 1559 3068 cameris,
1576 3000 1607 3054 in
1618 2999 1795 3056 dormitorio
1810 3001 1923 3072 pariter

1091 3087 1282 3156 recubarent,
1299 3088 1448 3159 ipsavero,
1459 3088 1509 3160 qui
1525 3088 1661 3144 ordinem
1670 3087 1851 3161 presbyterii
1862 3105 1922 3146 non

1050 3155 1275 3248 Csusceperat,
1292 3176 1416 3232 clericos
1440 3193 1501 3233 non
1529 3183 1725 3250 presumeret
1753 3184 1923 3235 tonsurare.

1093 3268 1250 3334 Ceterum,
1267 3265 1408 3338 quoniam
1423 3267 1454 3321 in
1465 3266 1629 3338 premissis
1643 3271 1710 3338 post
1722 3267 1835 3323 multas
1844 3285 1925 3324 com-

1092 3355 1274 3410 monitiones
1285 3360 1315 3411 et
1327 3371 1430 3427 preces
1450 3354 1578 3427 superbe
1606 3355 1697 3411 nimis
1719 3355 1773 3411 tibi
1801 3357 1922 3412 obedire

248 3446 401 3503 decedens
414 3446 452 3502 ad
476 3445 669 3518 apostolicam
694 3444 795 3501 sedem
810 3443 937 3500 dilectus
960 3442 1039 3499 lilius
1093 3444 1282 3516 contempsit,
1299 3443 1599 3500 excommunicationi
1614 3461 1682 3501 eum
1706 3445 1737 3500 in
1761 3445 1922 3504 Coenallo·

210 3537 324 3593 electus
332 3536 430 3592 Sancti
438 3533 613 3591 columbani
626 3533 781 3590 Bobiensis
792 3533 827 3590 de
839 3537 867 3589 te
881 3533 912 3589 in
923 3530 1038 3589 audito·

210 3627 256 3683 rio
271 3630 373 3682 nostro
388 3625 516 3700 graviter
529 3629 575 3680 est
589 3630 772 3696 conquestus
787 3622 866 3697 quod
891 3639 960 3680 cum
975 3638 1040 3678 mo·

212 3716 376 3772 nestorium
385 3715 441 3770 sibi
450 3715 667 3771 commissuma
677 3719 811 3786 tempore
818 3713 898 3769 beati
909 3711 1038 3784 Gregorii

1093 3534 1166 3590 mini
1178 3533 1341 3606 subjecisti,
1359 3534 1383 3590 si
1393 3550 1488 3605 usque
1501 3533 1539 3590 sd
1550 3539 1667 3591 octavas
1681 3536 1921 3593 liesnmectionis

1093 3621 1246 3694 sequentis
1258 3627 1340 3678 tuam
1353 3639 1413 3679 non
1425 3621 1609 3694 implevisset
1619 3639 1709 3696 super
1719 3622 1767 3679 his
1780 3625 1922 3680 omnibus

1089 3711 1268 3784 jussionem.
1280 3712 1336 3767 Sed
1344 3728 1442 3783 neque
1458 3711 1500 3768 sic
1513 3710 1626 3769 electus
1640 3713 1704 3784 ipse
1719 3711 1923 3770 obedientiam

211 3806 247 3862 ad
259 3807 423 3861 Romanam
434 3804 597 3861 Ecclesiam
606 3821 701 3876 usque
712 3804 749 3859 ad
756 3803 900 3859 moderna
906 3809 1040 3874 tempora
1094 3799 1224 3856 debitam
1233 3801 1404 3874 recognovit
1414 3819 1421 3870 ;
1431 3801 1483 3857 sed
1492 3801 1523 3856 in
1537 3817 1592 3858 sua
1603 3801 1805 3858 obstinatione
1816 3804 1925 3875 perdo·

213 3895 302 3967 pleno
313 3896 382 3965 jure
394 3895 577 3966 spectaverit,
591 3900 621 3949 tu
630 3894 786 3949 occasione
797 3892 952 3966 cujusdam
966 3908 1038 3947 sen·

212 3984 315 4040 tentiae
331 4001 348 4039 a
361 3984 456 4039 felicis
472 3983 687 4040 recordationis
697 3983 826 4052 Eugenio
838 3999 914 4056 papa
925 3982 1039 4056 prede·

216 4089 333 4128 cessere
348 4078 450 4127 nostro
466 4077 569 4128 contra
583 4072 798 4128 monasterium
813 4072 979 4144 ipsumper
992 4070 1040 4126 ab·

215 4161 291 4216 batis
302 4159 383 4214 illius
399 4159 540 4232 temporis
555 4160 735 4231 imperitiam
749 4159 795 4214 vel
809 4159 943 4215 fraudem
953 4158 1038 4214 lersi-

215 4256 272 4305 tam
287 4249 491 4322 promulgate,
509 4265 597 4319 quam
622 4248 707 4303 bone
731 4249 884 4304 memorie
906 4249 935 4303 t.
965 4265 1041 4320 papa

213 4355 370 4394 successor
384 4338 478 4409 ipsius
495 4337 888 4410 posteaconllrmavitlloll,
903 4337 1040 4392 Bobiensi

213 4427 353 4482 Ecclesiae
366 4427 516 4508 abbatiam
528 4426 623 4498 ipsam
636 4425 740 4482 niteris
752 4427 928 4498 subjugare;
942 4425 979 4480 de
989 4442 1040 4480 cu·

1094 3906 1174 3958 rans,
1191 3890 1510 3946 excommunicationis
1525 3891 1715 3959 sententiam,
1730 3892 1924 3948 avenerabili

1093 3978 1185 4034 tratre
1196 3983 1297 4034 nostro
1308 3979 1450 4034 tanuensi
1465 3979 1688 4052 archiepiscopo
1700 3979 1791 4036 etiam
1808 3983 1918 4038 contir-

1094 4072 1216 4133 matam,
1234 4068 1312 4123 sicut
1326 4084 1361 4123 ex
1371 4067 1464 4140 ipsius
1475 4067 1583 4124 litteris
1593 4068 1743 4142 colligitur
1756 4069 1922 4138 evidenter,

1095 4173 1155 4212 non
1170 4156 1314 4212 observat.
1329 4154 1413 4212 Unde
1428 4155 1506 4212 idem
1526 4157 1652 4214 clericus
1665 4163 1714 4213 tuo
1730 4159 1856 4214 nomine
1871 4177 1923 4232 po·

1095 4245 1509 4316 stulavitquateuuseamdem
1519 4248 1698 4303 sententiam
1707 4248 1924 4304 confirmantes

1095 4335 1923 4410 perclerumetpepulumBobiensemlaceremusipsam

1096 4423 1925 4498 usqueadsatisfactionemcongruamcustodiri;aucto·

211 4516 262 4586 jus
270 4518 511 4587 possessionibus
522 4522 551 4571 et
561 4516 726 4572 redditibus
737 4532 804 4572 cum
815 4516 997 4587 episcopium
1010 4520 1039 4570 et
1055 4518 1080 4581 D
1096 4513 1182 4568 ritate
1193 4512 1245 4567 tibi
1257 4512 1420 4584 apostolica
1430 4513 1668 4587 indulgentes,ut
1678 4513 1702 4570 si
1714 4514 1926 4585 usqueadcer·

217 4604 359 4658 canonica
370 4606 461 4660 ditata
471 4607 530 4661 sint
538 4607 649 4676 pariter
657 4605 804 4672 etdotata,
820 4621 879 4660 uon
889 4603 1041 4660 videbatur
1096 4608 1158 4658 tum
1169 4603 1331 4658 terminum
1341 4604 1378 4659 nd
1387 4609 1469 4660 tuam
1478 4604 1680 4674 obedientiam
1691 4621 1752 4660 non
1764 4604 1926 4672 rediret‚ex

216 4709 380 4747 consonum
395 4695 502 4749 rationi
517 4700 550 4748 ut
564 4713 630 4750 cum
642 4696 760 4767 jactura
776 4693 984 4768 temporalium
992 4709 1039 4747 re·
1096 4697 1166 4747 tenc
1176 4691 1229 4747 tibi
1243 4691 1346 4748 liceret
1356 4709 1424 4749 eum
1435 4692 1472 4749 ab
1484 4693 1609 4749 abbatie
1618 4693 1716 4750 olficio
1727 4709 1887 4750 removere
1901 4701 1927 4750 et

214 4797 290 4842 rum,
305 4779 449 4835 libertatis
464 4782 553 4836 etiam
570 4800 630 4838 sue
646 4782 837 4855 dispendium
852 4789 1003 4855 pateretur
1013 4787 1042 4838 et
1096 4780 1187 4836 alium
1200 4781 1229 4836 in
1242 4780 1430 4838 eaidonenm
1440 4781 1578 4838 ordinare
1594 4782 1709 4849 ;eidem
1725 4782 1818 4838 etiam
1831 4783 1927 4840 electo

216 4868 564 4942 cenobium,quodprius
574 4871 780 4929 aditomanam
789 4870 1041 4929 Ecclesiamnullo
1096 4887 1130 4926 ac
1146 4869 1304 4926 monacbis
1319 4870 1458 4927 daremus
1474 4871 1599 4927 tirmiter
1614 4871 1645 4926 in
1660 4871 1812 4928 mandatis
1827 4879 1873 4940 ut,
1899 4875 1927 4928 in

217 4957 401 5028 pertinuerat
428 4959 588 5026 mediante,
614 4967 771 5033 postquam
798 4959 839 5016 ibi
867 4961 963 5017 lactus
987 4959 1043 5016 luit
1096 4959 1242 5032 premissi
1255 4961 1411 5032 preceptis
1422 4960 1523 5016 etaliis
1538 4960 1724 5033 regularibus
1738 4961 1926 5024 ethonestis,

219 5046 375 5120 episcopus
386 5047 717 5104 multitudinelrdelium
732 5055 931 5118 excrescente,
943 5049 1043 5121 subje-
1097 5047 1148 5104 tibi
1164 5053 1306 5121 tanquam
1321 5065 1374 5104 suo
1389 5049 1523 5121 pontillci
1534 5049 1851 5120 obedirent:alioquin
1861 5069 1927 5108 sen·

219 5142 300 5192 ctum
311 5135 397 5192 lieret
410 5135 549 5192 Ecclesia
561 5137 709 5194 Bobiensi.
720 5140 790 5194 Post
799 5139 876 5195 hanc
887 5143 987 5195 auum
998 5136 1042 5192 di·
1097 5137 1221 5194 tentiam
1237 5153 1326 5209 quam
1340 5135 1433 5194 terres
1449 5138 1480 5194 in
1493 5153 1555 5207 ecs,
1570 5143 1667 5194 ratam
1692 5137 1876 5196 haberemus
1899 5147 1926 5197 et

217 5225 361 5282 visionem
391 5224 606 5282 monasterium
632 5225 722 5294 idem,
741 5226 818 5282 sicut
842 5227 925 5299 prius
948 5227 1044 5283 tuerat
1096 5225 1262 5282 laceremus
1277 5227 1405 5283 tirmiter
1418 5227 1576 5286 observari.
1602 5227 1679 5284 Sane
1694 5227 1844 5300 superbis
1861 5247 1925 5301 que

217 5314 439 5387 proponebatur
453 5315 484 5370 in
499 5313 636 5370 libertate
649 5313 775 5386 pristina
783 5315 983 5387 permansisse
993 5332 1000 5382 ;
1011 5315 1042 5372 iu
1097 5317 1297 5389 premisimus
1312 5321 1470 5374 tractatum
1485 5317 1645 5374 babuimus
1660 5317 1849 5390 diligentem,
1864 5321 1926 5392 qui·

218 5419 308 5472 quam
318 5421 378 5460 non
390 5404 454 5459 sine
464 5403 567 5460 multis
577 5402 721 5460 molestiis
732 5403 889 5460 etdamnis
900 5403 1043 5460 innume·
1098 5405 1224 5464 busdam
1235 5405 1438 5463 asserentibus
1448 5423 1484 5462 ox
1493 5405 1775 5479 prelatasententia
1785 5407 1927 5464 Ecclesia

220 5489 262 5545 ris
272 5507 325 5562 per
339 5491 498 5548 Bobienses
514 5493 669 5568 episcopos
683 5492 829 5566 irrogatis,
846 5491 977 5562 abbates,
993 5493 1044 5566 qui
1098 5496 1238 5552 Romane
1254 5495 1460 5568 prejudicium
1471 5501 1644 5569 generatum
1658 5511 1665 5563 ;
1679 5493 1841 5552 cumidem
1853 5515 1928 5570 pra-

256 5607 330 5676 (10‘ll
348 5606 416 5662 Vide
434 5612 504 5664 tom.
520 5609 556 5664 lV
571 5610 634 5664 ltot.
650 5625 716 5682 soc,
732 5625 797 5683 pag.
815 5611 893 5665 taso.
