3956 6056
63 263 120 315 345
240 273 243 284 ·
585 262 838 322 PONTIFICATUS
857 267 953 324 Anao
972 269 995 338 1,
1015 271 1153 332 CHRISTI
1174 282 1251 336 maa.
1719 303 1771 359 346

61 389 123 446 luit
136 388 315 444 beneficium
331 387 469 446 exhibere
486 389 569 460 tli8).
595 394 652 449 Nos
667 393 756 466 igitur
770 393 892 450 electio·
904 399 935 464 A
949 400 1037 455 storis
1051 403 1156 460 solatio
1176 407 1326 482 destituta,
1351 422 1551 480 venerabilem
1570 425 1692 486 tratrem
1716 429 1775 488 no·'

1 499 2 536 i
60 495 136 534 nem
151 479 248 552 ipsam
263 477 437 534 canonicam
452 479 638 536 attendentes
654 489 683 538 et
703 483 740 539 de
763 500 894 555 persona
948 492 1042 544 strum
1057 493 1161 551 Lnunc
1176 498 1574 585 Lethglennenepiscopnm,
1591 521 1661 574 tunc
1671 527 1770 578 autem

1 711 2 716 ,
60 658 213 712 firmatam
226 655 366 726 (quorum
377 656 506 727 primum
519 659 548 712 et
559 657 698 716 ultimum
708 660 893 717 sufficienter
947 671 1023 734 sent,
1039 670 1090 726 lla.
1106 672 1143 727 de

61 567 247 624 celebratam
261 565 369 622 idonea
384 572 414 622 et
427 583 444 624 a
456 567 578 639 praelato
591 571 813 644 archiepiscopo
822 589 893 628 con·
947 577 1104 637 Rossaeval.
1114 583 1262 658 abbatem,
1275 595 1417 652 canonice
1428 615 1461 656 ac
1472 605 1658 661 concorditer
1665 607 1772 681 elegis-

1159 676 1260 733 Valon.
1278 683 1482 745 ministerialis
1494 696 1561 747 tuus
1575 709 1724 766 opponere
1739 717 1770 754 se

58 762 118 818 per
129 744 287 818 praedictas
301 743 416 800 litteras
431 751 461 800 et
475 746 672 817 quarumdam
696 765 892 821 personarum
946 753 1079 825 ipsorum
1095 760 1232 820 electioni
1248 775 1446 845 praesumpsit,
1467 778 1560 850 ipsius
1572 783 1711 842 Ecclesia
1737 803 1771 844 ac

60 851 138 905 quas
153 849 255 889 secum
271 832 399 888 habebat
414 834 594 903 testimonia,
611 852 676 906 quae
692 836 729 892 ad
747 839 892 911 majorem
946 846 1158 905 canonicorum
1172 851 1251 911 bona
1265 858 1409 917 violenter
1420 864 1527 924 invasit
1545 874 1574 924 et
1588 885 1682 944 usqne
1697 875 1770 932 adeo

59 921 210 980 cautelam
226 920 280 976 sub
292 921 463 992 juramento
479 924 657 996 recepimus,
673 925 834 996 probatur;
855 928 892 984 da
946 939 1051 988 contra
1065 935 1164 1007 ipsum
1180 947 1209 996 et
1228 943 1293 1016 ejus
1316 948 1447 1009 lautores
1467 957 1585 1026 exarsit,
1606 966 1639 1016 nt
1651 978 1772 1024 venera.

59 1011 195 1068 secundo
211 1026 278 1066 vero
289 1025 343 1080 per
353 1010 602 1068 examinationem
612 1029 747 1084 personas
756 1015 835 1088 apud
846 1033 891 1072 se·
946 1019 1016 1079 bilis
1029 1024 1121 1082 irater
1132 1035 1234 1085 noster
1257 1035 1418 1095 cassellen.
1433 1044 1684 1120 archiepiscopus,
1700 1057 1770 1109 tunc

60 1099 132 1156 dem
154 1098 348 1171 apostolicam
371 1098 453 1154 robis
477 1098 615 1172 [anobis]
632 1100 741 1159 factam
760 1104 894 1160 constitit
946 1112 1115 1180 apostolice
1138 1117 1217 1173 sedis
1239 1119 1363 1194 legatus,
1386 1135 1508 1201 propter
1522 1149 1589 1190 eum
1605 1151 1695 1194 ausus
1709 1156 1771 1196 non

59 1187 662 1259 manifeste),continuationcmabeodem
670 1191 891 1264 archiepiscopo
945 1198 1035 1255 fuerit
1049 1201 1176 1260 electum
1191 1208 1288 1279 ipsum
1303 1212 1334 1267 in
1348 1216 1519 1290 episcopum
1535 1238 1719 1296 consecrare,
1730 1229 1771 1284 li-

58 1278 171 1334 laetam
181 1281 277 1332 ratam
292 1275 450 1331 habuimus
466 1281 495 1332 et
509 1276 637 1334 electum
660 1280 758 1350 ipsum
782 1286 892 1337 nostra
946 1291 993 1342 cet
1007 1289 1183 1350 electionem
1195 1299 1400 1360 confirmasset
1413 1305 1516 1378 ipsius,
1532 1327 1600 1370 cum
1616 1319 1648 1370 tu
1660 1314 1772 1374 dictum

58 1365 892 1441 humilitatisministeriocurarimusinepiscopumcon·
946 1376 1105 1436 bubliaen.
1122 1385 1388 1462 archiepiscopum,
1411 1396 1449 1451 ad
1472 1415 1561 1469 quem
1585 1404 1772 1463 confirmatio
1826 1411 1831 1418 '

58 1473 189 1514 sacrare.
200 1457 274 1510 Eum
286 1471 354 1527 ergo
365 1454 402 1509 ad
413 1455 574 1528 gerendam
584 1457 724 1514 Ecclesiae
736 1475 798 1515 sure
810 1459 893 1516 solli·
946 1466 1234 1538 ejnsetconsecratio
1245 1481 1422 1548 pertinebat.
1432 1485 1463 1540 in
1474 1489 1695 1549 Northmanniae
1704 1511 1772 1566 par-

57 1545 224 1604 citudinem
239 1543 277 1600 ad
290 1541 426 1598 eamdem
443 1545 629 1602 remittentes
644 1546 806 1604 Ecclesiam
819 1565 889 1605 con·
946 1555 1026 1611 tibus
1040 1559 1171 1616 exsulem
1196 1563 1357 1626 detineres.
1379 1573 1452 1637 Quia
1467 1591 1535 1632 raro
1551 1582 1607 1635 tua
1622 1582 1772 1640 nobilitati

57 1638 222 1702 sacratum,
237 1631 398 1688 universati
418 1637 523 1688 vestras
537 1650 591 1704 per
605 1636 770 1707 apostolica
782 1637 893 1709 scripta
947 1659 1007 1699 non
1023 1648 1241 1718 expeditlleum
1256 1663 1360 1716 contra
1369 1666 1396 1715 te
1411 1679 1464 1732 per
1478 1666 1622 1724 offensam
1633 1671 1771 1728 10:0010550

56 1723 239 1780 mandamus
254 1726 343 1792 atque
367 1722 555 1795 precipimus
569 1731 717 1795 quatenus
733 1741 800 1782 eum
816 1726 891 1782 reci·
907 1763 934 1830 B
949 1749 1107 1804 provocare
1130 1746 1182 1794 aut
1204 1741 1235 1797 in
1259 1760 1324 1800 eam
1344 1764 1398 1804 nos
1411 1751 1617 1812 credulitatem
1632 1759 1774 1818 inducere

59 1815 179 1879 pientes
193 1809 347 1867 humiliter
360 1815 390 1866 et
404 1810 518 1882 devote,
540 1817 681 1884 tanquam
696 1820 846 1886 pastorem
862 1832 892 1892 et
950 1822 1029 1892 quod
1043 1824 1080 1880 ad
1094 1825 1241 1886 deteriora
1254 1849 1377 1890 manum
1392 1840 1543 1911 extendas,
1555 1845 1579 1900 si
1589 1847 1672 1918 regni
1682 1847 1774 1905 saeris

57 1902 235 1974 episcopum
250 1898 418 1956 animarum
433 1906 598 1957 vestrarum
620 1902 769 1959 honorare
785 1906 895 1964 curetis
949 1909 1093 1968 honorem
1116 1915 1250 1988 adeptus,
1277 1937 1344 1978 cum
1357 1923 1394 1981 de
1409 1927 1467 1984 vini
1484 1947 1544 1986 non
1558 1935 1653 2005 possit
1668 1953 1773 2009 sapore

57 1995 89 2048 et
114 1989 152 2045 de
174 1988 323 2044 universis
345 1989 471 2062 justitiis
492 1991 529 2046 ad
544 2006 613 2046 eum
637 1993 839 2064 spectantibus
867 2011 883 2050 e
949 2002 1061 2070 sperari
1076 2003 1155 2074 quod
1171 2008 1253 2078 prius
1267 2019 1385 2070 acescat
1398 2030 1488 2087 quam
1506 2021 1566 2076 vasi
1581 2023 1711 2082 totaliter
1726 2027 1774 2082 in.

57 2081 127 2135 sine
142 2077 284 2133 dilatione
298 2077 431 2147 qualibet
442 2080 635 2150 respondere,
649 2085 759 2138 statuta
769 2087 799 2138 et
810 2097 896 2146 maa.
947 2087 1099 2158 fundatur,
1115 2093 1325 2155 discretionem
1336 2107 1418 2158 tuam
1433 2123 1571 2180 rogamus
1588 2115 1729 2170 attentius
1745 2121 1775 2170 et

57 2168 132 2223 data
155 2166 248 2239 ipsius
273 2167 421 2238 recepturi
446 2167 610 2238 humiliter,
637 2175 666 2225 et
685 2169 897 2228 inviolabiliter
948 2177 1139 2237 exhortamur
1149 2183 1180 2239 in
1190 2187 1326 2258 Domino,
1338 2198 1604 2267 acperapostolica
1619 2201 1672 2257 tibi
1681 2203 1775 2276 scrip·

59 2255 219 2313 servaturi,
949 2268 978 2319 ta
986 2268 1186 2340 precipiendo
1199 2275 1376 2335 mandamus
1387 2289 1534 2352 quatenus
1544 2303 1612 2346 cum
1622 2289 1701 2348 idem
1713 2294 1774 2365 epi-

96 2348 216 2414 Datum,
231 2352 370 2417 utsupra.
948 2369 1055 2425 scopus
1073 2368 1264 2420 consecratus
1282 2382 1301 2420 a
1314 2368 1400 2425 nobis
1413 2371 1448 2426 ad
1463 2376 1623 2444 gerendam
1635 2381 1774 2440 Ecclesia)

389 2433 561 2490 cchxvfl,
948 2456 1008 2496 snas
1030 2444 1262 2506 sollicitudinem
1284 2457 1462 2528 remittatur,
1482 2479 1543 2520 non
1558 2465 1702 2539 impedias
1718 2487 1773 2528 nec

205 2538 296 2579 noant
316 2539 380 2578 viao
405 2538 495 2577 coniri
519 2538 553 2578 na
571 2539 750 2579 maalmam.
947 2527 1038 2585 iacias
1054 2533 1099 2588 vel
1114 2537 1236 2605 patiaris
1249 2541 1286 2596 ab
1300 2542 1365 2600 aliis
1380 2547 1518 2619 impediri
1533 2568 1591 2623 quo
1605 2556 1704 2612 minus
1719 2559 1773 2614 ad-

61 2613 97 2666 Ut
124 2612 332 2667 ecclesiasticam
361 2610 513 2664 libertatem
533 2616 558 2664 et
578 2612 728 2681 privilegia
752 2628 807 2667 noa
827 2629 894 2683 par·
947 2618 1198 2681 ministrationem
1208 2628 1343 2700 ejusdem
1352 2635 1484 2692 ecclesias
1493 2645 1553 2696 tam
1566 2642 1597 2698 in
1611 2644 1774 2715 spirituali-

417 2702 538 2767 rampot.
797 2779 800 2786 Ι
946 2705 1002 2761 bus
1018 2725 1107 2780 quam
1130 2717 1342 2788 temporalibus
1361 2732 1555 2798 exsequatur;
1581 2731 1641 2788 imo
1659 2732 1772 2790 dictum

251 2784 390 2858 (Perusii,
407 2801 452 2840 xiv
468 2785 529 2841 Kal.
548 2783 706 2861 Octobris.)
945 2794 1173 2858 ministerialem
1188 2810 1272 2862 tuum
1288 2810 1395 2868 tradita
1408 2815 1459 2870 tibi
1479 2821 1624 2888 potestate
1639 2825 1772 2894 compel-

96 2891 184 2959 Quod
199 2897 302 2948 contra
314 2893 406 2948 Deum
419 2897 449 2947 et
467 2891 700 2950 ecclesiasticam
724 2894 892 2952 libertatem
946 2882 990 2940 las
1009 2891 1115 2958 utque
1124 2892 1166 2948 vel
1176 2895 1315 2954 Ecclesia
1326 2901 1371 2957 vel
1378 2905 1530 2964 canonicis
1539 2908 1690 2982 Lethglen.
1702 2913 1772 2970 abs-

54 2997 118 3054 per
128 2979 344 3036 olsscialestuos
355 2981 385 3035 in
396 2980 567 3037 animatum
576 2982 740 3053 perniciem
752 2985 783 3040 in
794 2985 892 3041 causis
944 2972 1015 3071 lum
1035 2977 1172 3036 restituat
1192 2985 1348 3058 univers&
1365 2990 1407 3047 ila
1422 2994 1500 3064 quod
1516 3011 1551 3052 cx
1562 2998 1617 3054 hoc
1630 3001 1770 3058 omnibns

57 3068 498 3141 spiritualibusindebitamtibi
502 3070 744 3142 jurisdictionem
753 3091 890 3146 usurpas,
944 3059 1058 3133 liqueat
1078 3069 1234 3128 manifeste
1258 3075 1338 3146 quod
1363 3079 1427 3136 sine
1456 3087 1505 3140 tuo
1528 3096 1772 3148 consensutanta

57 3174 126 3214 non
136 3155 294 3214 attendens
305 3157 384 3229 quod
395 3158 477 3214 Ozias
492 3175 553 3227 rex,
565 3159 636 3230 quia
645 3163 837 3235 presumpsit
849 3163 896 3220 in.
910 3134 937 3203 0
949 3148 1039 3249 sterit
1048 3153 1191 3228 inituim
1202 3170 1381 3236 perpetrata.
1391 3170 1458 3226 llaec
1468 3179 1567 3230 antem
1583 3193 1687 3250 aspere
1700 3183 1771 3238 scri·

60 3262 187 3304 censum
200 3247 317 3314 otlerre,
327 3247 410 3318 lepra
421 3245 476 3302 luit
489 3246 521 3301 in
531 3247 806 3320 lrontepercossus,
816 3251 895 3323 quod
948 3238 1047 3298 blfflus
1062 3259 1121 3301 ⁰⁰¹¹
1142 3247 1180 3304 ad
1194 3253 1368 3321 Ρθῐῑῐῑθῐὶθῐῑὶ
1382 3258 1513 3333 episcopi
1536 3268 1703 3336 memttffltb
1719 3268 1771 3326 sed

59 3337 141 3391 viros
157 3335 372 3392 ecclesiasticos
388 3334 524 3390 exsulare
544 3338 711 3409 compellis,
733 3339 812 3412 qnod
837 3341 896 3398 ele·
949 3333 1772 3426 utss0⁵lrumexprimamusaffe0tum3quigpggerfflium

61 3423 214 3480 ctionibus
228 3423 371 3480 canonice
386 3423 471 3480 lactis
483 3440 650 3498 repugnare
661 3429 827 3498 prasumis
838 3430 896 3486 mi·
950 3432 1039 3488 <1⁰01ss
1054 3420 1151 3495 dilissit
1163 3428 1286 3501 corripit
1300 3436 1330 3486 et
1350 3449 1487 3492 revocare
1509 3441 1590 3510 cupit
1612 3450 1772 3500 errantem.

62 3511 396 3568 ramurnonmodicum
408 3516 437 3566 et
447 3514 615 3570 acuminus
626 3514 678 3570 tibi
690 3531 779 3586 quam
793 3517 895 3574 Eccla·
949 3505 1106 3564 Abstineas
1121 3527 1199 3585 ergo,
1216 3515 1270 3584 tili,
1285 3517 1443 3592 diligenter
1457 3524 1493 3580 ab
1509 3525 1555 3582 his
1565 3532 1743 3599 quaetuaml
1759 3563 1774 3575 -

63 3601 178 3658 siarum
193 3600 355 3672 gravamini
370 3599 574 3656 condolemus.
589 3603 661 3658 Cum
676 3604 757 3658 enim
778 3605 896 3661 noveris
950 3609 1030 3650 mam
1056 3596 1213 3672 denigrent
1241 3607 1270 3658 et
1288 3607 1454 3677 protectum
1469 3611 1651 3685 impediant:
1681 3635 1719 3675 ne
1748 3620 1772 3676 si

63 3689 146 3762 qnod
161 3690 260 3745 omnis
274 3695 320 3745 est
331 3695 461 3760 potestas
476 3704 493 3744 a
508 3690 567 3744 Deo
581 3695 611 3745 et
625 3691 705 3762 quod
716 3708 810 3764 usque
821 3694 895 3750 adeo
949 3683 1043 3739 ileum
1056 3685 1094 3741 ad
1106 3686 1180 3744 iram
1195 3697 1297 3749 contra
1312 3699 1340 3750 te
1352 3713 1493 3768 provoces
1506 3707 1535 3758 et
1549 3704 1706 3764 ecclesiam
1719 3709 1773 3764 tibi

64 3779 199 3834 humana
220 3783 264 3834 est
289 3777 449 3833 infirmitas
462 3777 631 3848 imbecillis,
647 3785 680 3835 ut
694 3796 750 3836 nec
765 3781 895 3854 adjicere
949 3771 1056 3829 reddas
1073 3775 1228 3848 ⁰ff0n⁵³m‚
1253 3789 1361 3853 prater
1376 3785 1406 3841 id
1418 3789 1497 3860 quod
1513 3791 1622 3849 dicitur
1644 3813 1662 3852 a
1690 3798 1773 3855 Psal-

63 3867 161 3940 possit
183 3866 221 3923 ad
246 3871 390 3923 staturam
415 3882 499 3924 suam
513 3867 646 3924 cubitum
661 3885 764 3938 unum,
784 3871 895 3928 nedum
949 3861 1054 3918 mista·
1083 3867 1217 3930 Quoniam
1245 3871 1355 3944 impius
1383 3891 1437 3931 aon
1465 3879 1603 3938 dimidiat
1629 3886 1686 3941 dies
1712 3903 1774 3943 suos

63 3957 149 4030 regni
176 3956 232 4012 sibi
257 3956 364 4012 solium
377 3955 537 4024 vindicare,
552 3956 688 4014 dolemus
701 3959 779 4030 quod
792 3965 896 4018 contra
949 3949 1032 4021 (ΡΜ
1049 3970 1103 4024 uv,
1119 3957 1175 4028 24),
1191 3962 1249 4015 lUffl
1263 3965 1460 4032 promotionis
1474 3968 1656 4030 intercludas
1674 3991 1775 4031 essen·

65 4049 171 4100 eumet
181 4061 322 4115 sponsam
334 4045 398 4116 ejas
408 4043 570 4100 Ecclesiam
581 4045 689 4101 videris
702 4048 894 4119 supercilium
950 4056 1027 4108 sum,

64 4133 263 4205 assumpsisse
279 4147 435 4205 perquem
450 4148 534 4206 regas
548 4138 673 4206 regnant
692 4140 722 4190 et
744 4136 894 4210 principes
985 4131 1090 4188 Datum
1103 4135 1228 4207 Pelusii,
1238 4156 1284 4195 ¹1V
1299 4141 1362 4197 Kal·
1379 4144 1523 4204 Octobris·

66 4221 278 4289 dominantum
294 4220 345 4294 qui
360 4225 495 4293 potentes
520 4220 643 4295 deponit
666 4228 695 4278 et
709 4225 839 4282 humiles
865 4230 895 4281 et
1267 4230 1452 4290 ccctxvffl.

62 4312 162 4382 justos
173 4309 293 4379 exaltat,
306 4309 502 4382 superborum
513 4316 543 4366 et
553 4311 727 4368 sublimium
737 4314 816 4371 colla
829 4332 894 4386 pro·
1173 4332 1356 4376 neroniana.
1376 4339 1545 4381 incarnatae.

65 4399 246 4472 priavirtute
262 4399 458 4466 conculcans3
474 4415 626 4471 perquem
638 4400 662 4456 si
674 4417 798 4473 cuperes
813 4404 894 4460 exal·
1051 4403 1089 4457 Dc
1103 4403 1246 4462 collatione
1260 4409 1434 4470 ornaturae
1453 4415 1671 4474 Mediotoaerrsis.

66 4487 135 4557 tari,
152 4493 179 4543 te
204 4487 235 4543 in
259 4487 352 4559 ipsius
378 4486 471 4543 oculis
486 4487 645 4544 humiliare
658 4489 801 4561 deberes;
818 4500 933 4565 quo-D
1135 4493 1272 4565 (Perusii,
1289 4513 1318 4552 rx
1333 4496 1420 4570 [hab]
1432 4501 1589 4578 Octobris.)

66 4578 148 4634 niam
165 4577 264 4633 omnis
281 4576 331 4648 qui
354 4591 385 4632 se
406 4576 515 4634 exaltat
530 4577 737 4636 humiliabitur
752 4585 781 4636 et
794 4582 844 4654 qui
860 4599 892 4644 se
986 4576 1059 4650 (ita)
1075 4579 1111 4635 Ut
1125 4587 1261 4639 nostrum
1277 4586 1400 4656 prodeat
1421 4589 1458 4646 de
1473 4593 1523 4648 liei
1539 4595 1621 4652 vultu
1628 4597 1775 4670 judicium

66 4667 206 4722 humiliat
223 4665 410 4733 exaltabitur,
423 4666 509 4738 juxta
524 4666 729 4724 testimonium
745 4671 892 4727 Veritatis.
948 4673 978 4723 et
991 4669 1068 4724 oculi
1083 4671 1177 4727 nostri
1195 4673 1316 4732 videant
1336 4680 1517 4753 equitatem,
1532 4685 1579 4742 via
1592 4689 1673 4762 regia
1685 4689 1776 4745 debe-

65 4757 177 4811 Namut
188 4754 246 4810 alia
257 4769 321 4824 quas
333 4753 364 4808 in
374 4753 521 4810 libertatis
533 4755 742 4812 ecclesiasticae
753 4759 895 4831 praejudi-
948 4773 1015 4814 mus
1038 4758 1175 4818 incedere
1199 4779 1255 4820 nec
1274 4765 1311 4821 ad
1334 4767 1485 4827 sinistram
1509 4777 1632 4832 omnino
1657 4793 1713 4835 nec
1736 4778 1775 4834 ad

65 4845 145 4899 cium
156 4848 317 4898 attentasse
329 4840 438 4897 diceris
451 4843 697 4900 omittamusetut
706 4851 894 4905 transeamus
948 4845 1099 4903 dexteram
1110 4848 1272 4922 declinare,
1284 4853 1325 4910 ita
1339 4871 1480 4928 magnum
1484 4861 1655 4935 judicantes
1665 4872 1775 4939 utpar-

1 4969 2 4978 ι
66 4931 826 5004 subsilentioquodvenarabilemfratremnostrum
839 4940 895 4994 llu-
948 4951 1027 5005 vum,
1044 4937 1114 5008 quia
1134 4955 1195 4995 non
1221 4948 1266 4999 est
1286 4945 1364 5016 apud
1380 4948 1473 5004 Deum
1487 4955 1621 5025 acceptio
1636 4972 1776 5027 persona·

66 5021 180 5076 blinen.
199 5019 455 5092 archiepiscopum
469 5021 600 5094 coegisti,
623 5023 699 5079 sicut
713 5027 893 5098 accepimus,
949 5026 1271 5086 rumadandientiam
1283 5048 1353 5088 sane
1369 5043 1501 5094 nostram
1521 5041 1681 5098 multorum
1697 5044 1776 5100 rela-

68 5109 214 5178 exsulare,
229 5109 258 5165 id
274 5108 371 5165 solum
386 5125 439 5180 per
454 5109 567 5166 litteras
583 5112 763 5183 explicantes
774 5122 895 5187 propter
950 5115 1031 5171 tione
1045 5124 1221 5188 pervenerat
1234 5123 1314 5193 quod
1328 5127 1507 5186 cancellaria
1520 5132 1715 5189 Mediolanen.
1731 5150 1777 5190 ec·

68 5197 147 5271 quod
162 5215 242 5254 nnnc
254 5197 470 5270 assumpsimus
487 5199 636 5255 scribendi
661 5201 805 5272 lahorem,
830 5206 894 5262 sine
950 5205 1048 5261 alesia
1058 5214 1210 5266 vacaverat
1224 5211 1441 5284 altmannum,
1457 5220 1536 5276 unde
1547 5222 1710 5277 secundum
1723 5223 1776 5279 La·

68 5293 117 5344 tua
130 5303 191 5342 non
206 5286 355 5343 credimus
368 5287 555 5343 conniventia
569 5289 726 5362 contigisse
737 5291 816 5362 quod
828 5309 895 5349 cum
950 5301 1083 5352 teranen.
1101 5299 1218 5354 concilii
1233 5307 1343 5360 statuta
1357 5303 1395 5358 ad
1410 5322 1464 5361 nos
1474 5306 1567 5379 ipsius
1579 5315 1642 5365 erat
1655 5310 1774 5369 donatio

69 5375 168 5432 dilecti
184 5373 238 5430 lilii
250 5374 463 5447 Lethglennen.
480 5376 628 5446 canonici,
645 5377 896 5454 ecclesiasuapa-
950 5383 1096 5440 devoluta.
1113 5387 1250 5444 Volentas
1266 5397 1365 5447 autem
1384 5393 1437 5448 tibi
1453 5395 1540 5452 solita
1557 5396 1700 5470 dignitate
1722 5399 1775 5456 de-

104 5503 113 5576 (
119 5501 178 5568 148}
194 5497 266 5554 Vide
281 5499 368 5572 epist.
385 5515 447 5572 seq.
459 5505 489 5556 et
499 5499 703 5574 hogeriumda
714 5504 896 5564 llovedenad
985 5509 1061 5580 (ita)
1075 5510 1144 5582 Cap.
1168 5513 1202 5566 Ut
1215 5519 1347 5582 nostrum,
1362 5516 1398 5571 Ut
1412 5516 1516 5574 eccles.
1535 5519 1691 5591 banesscia,
1706 5529 1774 5595 etc,

1 5569 2 5628 i
71 5591 117 5632 an.
135 5570 217 5640 1¹97,
233 5571 311 5628 circa
325 5571 426 5628 linem.
951 5596 1016 5653 cap.
1032 5583 1077 5650 56,
1093 5583 1134 5638 lle
1148 5583 1288 5655 appellat.
1304 5617 1339 5626 -
1355 5585 1426 5643 Vide
1440 5605 1531 5663 supra
1545 5593 1632 5665 epist.
1650 5596 1711 5652 tao.
