3948 6070
613 238 867 306 aouuuclrus
885 235 982 294 ΔΝΝΟ
1001 235 1037 306 11,
1057 236 1196 294 CHRISTI
1214 240 1294 298 1199.
1763 241 1817 300 stt

463 371 576 436 ccuu,
759 371 763 380 ·
947 364 977 430 Α
991 361 1152 437 procedere
1166 379 1229 421 non
1240 379 1532 438 possemus,oausam
1545 363 1641 438 ipsam
1650 365 1816 442 legatorum

283 474 363 518 mom
387 477 507 518 musam
530 477 595 524 thdl
614 475 754 519 amram,
989 453 1170 523 nostrorum,
1186 453 1238 525 qui
1249 452 1338 511 danie
1349 453 1474 511 Domino
1485 454 1516 510 in
1527 454 1663 528 proximo
1674 455 1815 514 transfre-

298 550 450 621 Respondet
465 551 585 624 epistolar
599 551 744 623 superiori.
988 539 1104 612 tabunt,
1131 543 1260 599 examini
1286 542 1424 600 duximus
1446 543 1677 614 reservandam
1707 543 1816 616 quibus

316 639 476 709 (Laterani,
492 656 549 709 vm,
569 639 632 696 Kal,
647 637 724 711 ιω)
990 633 1019 684 et
1032 629 1130 686 verbis
1145 635 1174 687 et
1189 633 1307 706 scriptis
1323 632 1459 690 dabimus
1475 633 1601 690 tirmiter
1621 633 1653 690 in
1668 633 1816 692 mandatis

140 727 216 799 (118)
231 727 263 782 Ei
279 743 297 784 a
312 744 370 799 quo
382 733 427 784 est
437 745 526 786 omne
536 728 637 786 datum
651 728 797 802 optimum
810 727 935 781 etomne
989 723 1022 775 ut
1036 720 1131 794 ipsam
1146 721 1304 798 diligenter
1315 725 1485 782 examinent
1500 730 1530 781 et
1542 725 1606 781 sine
1619 741 1816 798 personarum

106 815 220 873 donum
235 816 410 888 perfectum,
426 819 478 890 qui
502 817 593 876 corda
605 817 775 893 principum
789 812 880 872 hahet
902 813 934 867 in
988 811 1170 882 acceptione,
1187 814 1296 884 praevia
1305 815 1420 871 ratione
1431 813 1580 883 decidant,
1591 814 1728 872 nolentes
1744 831 1813 871 cau·

104 911 297 963 manusuaet
308 923 325 962 a
338 923 397 978 quc
412 912 458 964 est
472 908 569 965 omnis
584 913 726 981 potestas,
741 921 816 978 quas
828 917 932 976 passu.
989 914 1052 954 sam
1061 898 1198 974 delegare
1204 901 1357 976 judicibus
1372 903 1423 976 qni
1433 903 1568 960 alterutri
1577 904 1708 976 partium
1720 909 1749 960 et
1758 907 1817 962 tuse

105 1011 176 1052 mus
190 995 352 1069 gratimnm
367 994 524 1053 referimus
538 997 671 1053 actiones
687 994 766 1068 quod
781 999 809 1050 te
837 1006 931 1065 usque
987 991 1154 1060 praesertim
1191 1008 1255 1050 esse
1291 997 1414 1067 possent
1448 993 1484 1050 de
1518 994 1634 1052 ratione
1674 995 1816 1070 suspecti.

106 1085 181 1141 adeo
191 1084 222 1142 in
233 1084 389 1142 devotione
400 1085 571 1158 apostolica
586 1085 665 1142 sedis
677 1083 821 1142 radicavit
829 1087 862 1138 ut
871 1097 933 1138 non
988 1077 1134 1152 Rogamus
1149 1080 1239 1155 igitur
1251 1081 1461 1140 celsitudinem
1484 1087 1566 1140 tuam
1582 1087 1611 1139 et
1625 1082 1817 1145 exhortamur

102 1173 202 1230 solum
212 1173 244 1230 in
254 1173 524 1246 spiritualibus,sed
533 1176 564 1231 in
572 1172 786 1250 temporalibus
797 1172 886 1229 etiam
894 1169 932 1226 ad
986 1167 1139 1238 attentius,
1151 1186 1185 1226 ac
1195 1187 1250 1244 per
1264 1171 1429 1244 apostolica
1443 1169 1497 1227 tihi
1510 1171 1621 1246 scripta
1635 1173 1815 1231 mandamus

104 1261 252 1320 auxilinm
265 1264 406 1322 Ecclesia
420 1265 560 1322 Romanas
575 1281 711 1322 recurras
727 1263 798 1320 etin
813 1260 932 1318 tuendis
987 1262 1134 1329 quatenns
1144 1277 1335 1318 communem
1346 1277 1466 1319 causum
1471 1262 1592 1336 privatae
1600 1279 1778 1338 praeponens
1786 1268 1817 1322 et

97 1352 228 1427 justitiis
243 1354 302 1410 tuis
310 1370 364 1426 per
376 1354 609 1426 appellationem
624 1353 829 1426 interpositam
845 1365 932 1422 opem
985 1347 1115 1420 propriis
1130 1349 1296 1407 commodis
1311 1351 1464 1425 negotium
1486 1351 1651 1424 praeterens
1665 1351 1815 1424 crucifixi,

101 1443 168 1515 ejus
180 1441 333 1514 implores.
345 1443 474 1500 Veniens
485 1444 566 1501 enim
576 1442 615 1501 ad
624 1442 818 1516 apostolicam
829 1439 932 1496 sedem
987 1441 1133 1508 quantum
1149 1437 1180 1493 in
1195 1443 1224 1494 te
1238 1438 1329 1496 inerit
1338 1455 1442 1512 pacem
1457 1440 1495 1498 ad
1508 1441 1663 1500 universos
1673 1441 1816 1498 Christia-

102 1531 232 1588 dilectus
243 1531 323 1590 iilius
332 1531 442 1590 nobilis
449 1533 493 1590 vir
502 1533 648 1590 liebertus
658 1532 694 1590 de
705 1533 833 1604 llargatc
844 1527 931 1584 miles
986 1542 1041 1582 nos
1057 1526 1229 1599 observans,
1246 1529 1283 1586 ad
1299 1529 1518 1588 defendendam
1532 1531 1739 1592 hereditatem
1753 1534 1814 1590 lto-

101 1621 228 1678 nuntius
244 1627 312 1678 tuus
326 1622 416 1695 pleno
430 1621 518 1678 nohis
533 1623 669 1696 exposuit
683 1627 742 1678 tuae
766 1617 930 1678 devotionis
985 1615 1061 1671 mini
1071 1622 1100 1672 et
1109 1619 1335 1692 expugnandam
1345 1619 1752 1680 harbariemSarracenornm
1761 1640 1814 1695 po·

99 1711 242 1767 allectum
256 1716 287 1768 et
299 1711 388 1786 regiae
403 1711 573 1768 serenitatis
587 1711 703 1768 litteras
721 1709 807 1766 nobis
821 1701 930 1764 obtulit
945 1729 971 1795 B
986 1709 1084 1761 tenter
1099 1707 1248 1778 intendas,
1263 1725 1319 1766 nec
1335 1709 1371 1766 oh
1387 1709 1443 1766 hoc
1459 1710 1599 1768 adversus
1614 1711 1754 1769 comitem
1767 1712 1815 1769 vel

93 1799 287 1857 continentes
302 1799 467 1872 quodcum
482 1801 516 1858 R.
534 1799 752 1874 primogenitus
777 1796 929 1871 quondam
987 1793 1079 1852 alium
1098 1795 1212 1853 bellum
1228 1815 1356 1868 moveas,
1369 1800 1536 1873 praesertim
1549 1801 1664 1857 vivente
1678 1799 1814 1874 principe

100 1888 183 1946 tilius
192 1888 303 1946 nobilis
313 1890 369 1946 viri
380 1891 414 1948 ll.
428 1889 572 1964 principis
582 1887 761 1947 antiocheni
773 1890 931 1959 ineptem
987 1885 1048 1956 qui,
1063 1885 1140 1942 sicut
1153 1887 1185 1942 in
1201 1885 1336 1960 ejusdem
1350 1887 1459 1946 litteris
1473 1888 1652 1958 continetur,
1665 1890 1707 1946 sic
1717 1905 1813 1964 nepo·

97 1983 184 2036 tuam
195 1977 314 2035 duxerit
328 1981 359 2036 in
374 1995 509 2050 uxorem,
525 1996 562 2036 ex
576 1995 611 2036 ea
624 1978 759 2036 mascula
770 1976 854 2051 prole
865 1985 932 2032 sus·
985 1977 1046 2030 tem
1075 1979 1159 2032 tuum
1187 1974 1223 2032 de
1251 1977 1436 2050 principatus
1450 1979 1639 2036 successione
1654 1977 1767 2036 saisivit
1780 1983 1814 2036 ut

100 2072 197 2140 cepta,
209 2067 280 2126 dum
295 2073 396 2142 ageret
410 2069 441 2126 in
452 2068 603 2136 extremis,
615 2067 713 2125 eidem
723 2066 852 2140 principi
861 2057 931 2137 sup'
985 2061 1042 2118 sibi
1058 2064 1271 2137 proprietatem
1286 2071 1316 2122 et
1327 2066 1495 2124 dominium
1510 2067 1608 2140 quoad
1618 2067 1728 2124 viveret
1741 2068 1813 2127 reti-

99 2155 265 2229 plicavitut
276 2157 495 2215 successionem
511 2173 576 2230 qna
590 2157 646 2231 ipsi
657 2157 727 2232 jure
742 2153 930 2212 haereditario
985 2156 1078 2208 neret.
1089 2153 1162 2210 Cum
1177 2159 1277 2212 autem
1292 2155 1329 2212 ad
1343 2161 1443 2229 partes
1459 2156 1527 2214 illas
1537 2157 1626 2232 legati
1639 2157 1733 2214 nostri
1744 2173 1814 2230 per-

105 2245 304 2320 competebat,
331 2247 448 2322 llnpino
472 2247 638 2320 uniccejus
654 2247 716 2302 iilic
731 2248 928 2304 conservaret.
983 2241 1129 2312 venerint,
1153 2259 1275 2301 causam
1297 2250 1378 2300 tuam
1401 2261 1461 2300 non
1487 2244 1589 2315 armis,
1615 2245 1668 2304 scd
1685 2245 1811 2320 legibue,

100 2336 156 2402 Qui
169 2339 375 2408 postmortem
391 2336 445 2392 tilii
460 2353 523 2392 non
538 2336 698 2392 immemor
715 2350 837 2406 precum
852 2333 929 2406 ejus,
983 2346 1045 2386 non
1055 2330 1153 2404 gladio
1164 2333 1291 2402 vindice,
1302 2333 1354 2389 sed
1363 2333 1482 2406 justitia
1492 2333 1595 2407 judice
1609 2336 1810 2408 prosequaris.

98 2424 268 2482 convocatis
278 2425 358 2498 ligiis
371 2423 543 2482 hominihus
559 2424 631 2494 suis,
647 2423 728 2497 quod
741 2423 837 2480 dictus
847 2425 928 2494 Ray·
982 2421 1041 2474 Nos
1050 2420 1131 2476 enim
1143 2421 1241 2478 eidem
1252 2422 1352 2478 comiti
1362 2437 1416 2496 per
1427 2423 1590 2497 apostolica
1599 2423 1711 2499 scripta
1721 2439 1811 2482 man·

99 2513 230 2570 mundus
240 2511 392 2586 legitimus
400 2512 507 2570 inisset
516 2513 612 2570 haeres
623 2513 760 2586 ipsius,et
774 2515 841 2586 post
850 2527 928 2567 mor·
982 2505 1087 2564 damus
1097 2514 1132 2564 ut
1141 2526 1231 2566 causa
1240 2511 1306 2583 ipsa
1315 2511 1348 2567 in
1362 2527 1415 2567 suo
1432 2517 1509 2568 statu
1526 2516 1676 2582 manente,
1692 2513 1769 2570 nihil
1779 2513 1811 2570 in

96 2605 160 2656 tem
170 2600 235 2672 ejus
245 2600 391 2672 Rupinus,
402 2600 536 2673 praedicti
547 2601 715 2673 iiaymundi
726 2600 816 2667 iilius,
832 2599 927 2674 ipsius
980 2596 1188 2669 prejudicium
1189 2599 1268 2672 juris
1281 2599 1407 2656 alterius
1417 2605 1562 2658 attentare
1573 2606 1745 2674 prasumat,
1757 2601 1810 2660 sed

95 2688 242 2761 principis
253 2687 507 2757 legitimushaeres
520 2695 608 2759 esset,
617 2688 735 2761 publice
746 2688 925 2762 recognovit,
980 2683 1144 2758 legatorum
1161 2694 1343 2758 nostrorum,
1356 2687 1463 2762 quihus
1476 2691 1676 2763 cognitionem
1690 2691 1810 2749 etdifh·

102 2781 133 2832 et
147 2776 174 2832 ei
188 2775 225 2832 ah
241 2775 387 2834 universis
410 2777 583 2835 hominihus
598 2778 670 2846 suis,
689 2777 768 2834 salva
782 2777 925 2836 fidelitate
979 2773 1125 2831 nitionem
1140 2777 1234 2849 ipsius
1243 2777 1383 2836 duximus
1393 2779 1648 2852 committendam,
1660 2785 1811 2854 exspectet

96 2881 156 2938 qua
165 2864 193 2921 ei
205 2865 430 2934 tenentur,dum
440 2866 555 2932 vixerit,
563 2866 746 2940 ligiumiecit
754 2866 924 2940 homagium
978 2861 1147 2922 adrentum.
1164 2865 1292 2935 Adhoec,
1306 2866 1449 2926 dilectum
1464 2868 1561 2925 illium
1576 2869 1808 2928 nuntiumtnum

96 2953 241 3010 exhiberi.
253 2953 365 3012 Deinde
376 2955 675 3028 quoquepraedictum
683 2955 835 3028 Rupinum
843 2955 925 3014 deci·
978 2954 1132 3011 serenitati
1146 2955 1234 3030 regiae
1255 2957 1436 3030 propensius
1453 2957 1709 3029 commendamus,
1724 2964 1758 3017 ut
1771 2960 1808 3018 de
1864 3017 1866 3024 ,

95 3043 185 3098 vitate
195 3042 354 3100 Antiochia
368 3047 467 3101 ettota
479 3043 648 3118 principatu
658 3045 864 3103 antiochiensi
879 3051 924 3103 te·
979 3051 1069 3107 charo
1084 3063 1152 3104 cum
1167 3047 1278 3104 habeas
1293 3047 1329 3104 de
1345 3052 1453 3108 cataro
1467 3048 1645 3108 chariorem.
1662 3051 1810 3113 Praeterea

94 3130 195 3188 nendo
210 3136 279 3204 post
292 3131 357 3206 ejus
372 3131 580 3202 obitum,salva
596 3133 664 3190 dote
679 3134 701 3190 l.
717 3135 818 3190 uxone
832 3135 925 3208 ipsius
940 3097 966 3164 G
980 3137 1134 3197 serenitati
1149 3141 1207 3192 tuae
1232 3137 1394 3210 gratiarum
1409 3137 1568 3196 referimus
1581 3137 1714 3195 actiones
1729 3139 1809 3211 quod

96 3225 126 3276 et
141 3219 282 3276 omnibus
297 3220 384 3278 donis
397 3238 464 3294 qua
477 3221 589 3280 iecerat
603 3227 632 3278 et
650 3222 682 3278 in
704 3226 857 3295 posterum
881 3228 927 3280 est
979 3245 1035 3284 nos
1048 3243 1102 3299 per
1116 3225 1254 3285 eumdem
1270 3225 1410 3284 nuntium
1425 3232 1510 3285 tuum
1531 3226 1689 3299 magnifice
1711 3241 1745 3284 ac
1769 3227 1810 3283 li·

92 3309 237 3380 iacturns,
254 3315 284 3368 et
298 3312 371 3368 dnm
379 3312 484 3369 vixerit
494 3313 586 3370 totius
596 3312 780 3386 principatus
791 3313 923 3370 dominio
978 3314 1120 3374 baraliter
1134 3313 1270 3371 visitasti.

94 3399 152 3456 sihi
163 3400 254 3472 salvo,
267 3400 389 3470 saisivit,
400 3405 430 3458 et
440 3417 509 3458 enm
519 3400 689 3473 liaymundi
699 3401 793 3474 patris
803 3402 925 3459 nomine
1014 3406 1121 3462 hatum
1136 3403 1283 3472 Laterani,
1298 3419 1345 3460 xv1
1360 3401 1484 3460 Kalend.
1499 3403 1641 3463 ianuarii.

93 3491 257 3565 appellavit
271 3492 348 3548 sicut
362 3491 394 3549 in
417 3490 525 3548 litteris
540 3489 578 3548 ad
594 3507 650 3548 nos
666 3507 683 3548 a
697 3496 725 3548 te
741 3491 925 3549 transmissis
1339 3491 1451 3548 ccmv.

92 3581 300 3654 perspeximus
316 3579 475 3637 contineri.
489 3581 634 3639 cetermn
649 3580 760 3638 nobilis
769 3581 815 3636 vir
824 3597 924 3638 comes
978 3597 1088 3640 roomo
1107 3595 1140 3637 ar
1158 3597 1260 3638 aaroni
1279 3596 1433 3649 conminus,
1451 3591 1594 3638 unrmnsrs
1619 3597 1690 3640 acris
1718 3599 1807 3643 nono-

94 3670 306 3743 Tripolitanns,
320 3669 400 3728 illius
411 3669 555 3742 principis
568 3671 735 3741 memorati,
746 3670 870 3728 moleste
880 3671 925 3728 ie·
1014 3685 1260 3738 neocaesarius
1282 3683 1316 3726 rr
1343 3684 1449 3726 roruoo
1477 3685 1505 3727 nv
1532 3685 1624 3728 naono
1652 3675 1806 3730 carmesrul

94 3777 166 3816 rens
176 3775 209 3817 se
219 3759 315 3833 patria
329 3759 503 3816 hereditate
517 3758 637 3831 privari,
648 3776 717 3816 cnm
725 3759 842 3818 dilectis
854 3759 923 3816 tiliis
1015 3775 1043 3816 nv
1063 3773 1177 3814 cuarsro
1195 3775 1258 3814 run
1277 3773 1374 3815 nosrar
1392 3773 1490 3816 raonis
1507 3775 1644 3818 nuusrus
1661 3777 1740 3821 naurs
1757 3779 1806 3820 on-

96 3847 429 3922 hierosolymitanensis
445 3847 605 3920 Hospitalis
620 3851 650 3904 et
672 3848 786 3906 militias
811 3849 923 3922 Templi
1013 3864 1107 3904 usura
1126 3863 1310 3904 consrvrurvs.

95 3937 244 4010 magistris
254 3941 284 3994 te
293 3937 387 3993 voluit
396 3935 565 3992 molestare.
578 3935 634 3993 Sed
641 3937 885 4010 qnodadversum
896 3942 923 3995 te
980 3939 1015 3995 lu
1028 3953 1088 3996 coen
1102 3953 1150 3994 suo
1164 3953 1227 4008 repe
1241 3943 1336 3994 contro
1349 3937 1517 3996 Sarracenos
1530 3940 1644 4009 fortine
1657 3955 1685 3996 sc
1696 3946 1803 4012 genet.

92 4025 253 4099 prevalere
264 4042 325 4084 non
335 4024 616 4098 possetinspiciens,
629 4042 789 4084 conversus
800 4026 831 4082 in
840 4026 923 4098 prin·
1155 4026 1314 4098 (lateram,
1329 4043 1376 4083 xvi
1392 4027 1456 4085 llal.
1471 4027 1628 4099 ianuarii.)

92 4116 802 4190 ciprm,lavoretntiochensiscommunias,illius
808 4121 923 4190 patrem
1013 4116 1087 4188 (119)
1101 4115 1162 4174 Etsi
1177 4115 1329 4173 modernis
1340 4115 1523 4190 temporibus
1539 4116 1710 4190 apostolica
1724 4119 1805 4176 sedis

94 4205 222 4266 exclusit
236 4211 266 4262 et
280 4206 402 4262 dominc
418 4223 471 4263 suo
483 4206 681 4264 contumelias
693 4207 925 4280 praesumpsitis
977 4205 1514 4278 receperitisinstituta‚secnndumea
1526 4206 1807 4280 Dominoinpurita·

93 4294 220 4367 injurias
232 4295 373 4368 irrogare.
389 4295 508 4352 Interea
522 4296 612 4353 etiam
625 4295 746 4368 quidam
761 4296 849 4352 amici
859 4297 922 4354 Tri·
978 4298 1006 4352 te
1019 4295 1117 4352 cordis
1132 4311 1166 4352 uc
1181 4295 1314 4367 corporis
1329 4295 1510 4361 servientess
1524 4293 1550 4350 is
1564 4299 1665 4352 tamen
1676 4294 1729 4366 qui
1740 4310 1803 4352 ma·

94 4382 220 4456 politani
229 4383 346 4440 comitis
359 4384 492 4455 corrupti
503 4385 597 4456 pretio
608 4389 638 4440 et
646 4383 788 4456 precihus
796 4382 924 4441 circum-
978 4383 1090 4442 tutinos
1104 4385 1327 4456 etvespertinos
1337 4383 1661 4456 operariosvineaesue
1671 4383 1803 4456 singulo·

91 4471 183 4540 venti,
192 4470 330 4529 comitem
339 4471 437 4544 ipsum
445 4470 766 4543 legitimumheredem
774 4471 918 4546 principis
933 4467 961 4534 D
975 4489 1042 4530 rum
1057 4472 1248 4529 denariorum
1262 4471 1400 4529 mercede
1414 4476 1596 4540 remunerat,
1617 4471 1730 4530 iaciens
1744 4489 1801 4530 no·

93 4565 271 4628 asserentes,
287 4559 371 4616 falsis
387 4559 623 4633 suggestionibus
634 4559 855 4617 obtinuerunta
866 4577 919 4633 po·
972 4561 1110 4618 vissimos
1119 4561 1233 4634 primos
1244 4565 1273 4618 et
1280 4560 1393 4632 primos
1401 4559 1591 4630 novissimos,
1602 4559 1736 4620 bravium
1750 4580 1800 4620 vo·

93 4651 166 4725 pulo
180 4648 360 4722 ntabjnratc
382 4647 602 4720 quodammodo
620 4649 792 4721 juramento
815 4650 919 4722 priori,
973 4649 1019 4706 bis
1034 4649 1176 4722 largietur
1190 4655 1346 4719 oeternum,
1370 4649 1395 4706 si
1419 4648 1601 4707 Catholicam
1625 4650 1799 4723 Ecclesiam,

95 4740 192 4796 eidem
207 4737 308 4796 comiti
317 4737 486 4794 hominium
495 4735 689 4805 exhiberent;
704 4742 825 4810 propter
840 4737 919 4810 qnod
974 4755 1114 4812 sponsam
1129 4739 1190 4794 veri
1205 4738 1382 4808 Salomonis,
1396 4739 1451 4795 sub
1464 4739 1550 4812 cujus
1565 4739 1671 4812 capite,
1688 4757 1799 4800 secun-

93 4829 131 4886 ad
147 4828 248 4886 sedem
263 4826 457 4900 apostolicam
471 4825 553 4900 regia
567 4826 712 4883 serenitas
725 4827 921 4900 appellavilet
973 4828 1044 4884 dum
1053 4827 1132 4900 quod
1142 4828 1208 4902 ipsa
1221 4833 1402 4901 protestatur
1413 4828 1444 4884 in
1460 4828 1588 4886 canticis
1603 4829 1798 4904 canticorum,

94 4917 270 4992 Templariis
281 4921 310 4972 et
320 4914 920 4989 Hospitalariisadcorredeuntihusprin·
972 4915 1045 4974 laeva
1059 4917 1124 4990 ejus
1134 4923 1164 4974 et
1174 4916 1277 4974 dextra
1291 4919 1356 4991 ejus
1368 4917 1464 4989 ipsam
1475 4917 1588 4992 jugiter
1601 4918 1798 4992 amplexatur,

94 5007 191 5079 cipem
215 5008 246 5064 in
269 5005 339 5062 sede
358 5005 488 5062 restituit
511 5003 681 5076 principali.
710 5004 789 5060 hicet
806 5010 916 5075 autem,
970 5005 1086 5062 fueritis
1102 5005 1256 5064 humiliter
1264 5007 1406 5074 venerati,
1423 5011 1453 5062 et
1467 5023 1562 5078 usque
1572 5006 1646 5063 adeo
1657 5023 1708 5064 vos
1719 5008 1799 5067 zelus

93 5103 237 5170 quantum
252 5111 321 5153 cum
334 5095 394 5150 Deo
405 5109 574 5166 possumus,
590 5098 648 5149 tua
663 5089 787 5149 velimus
804 5095 917 5150 sereni·
972 5093 1078 5152 domus
1093 5095 1210 5152 Domini
1226 5095 1390 5154 comederit
1398 5101 1431 5154 nt
1444 5095 1480 5151 ad
1495 5093 1704 5152 vindicandam
1718 5095 1799 5168 inju-

94 5185 147 5242 tati
157 5184 284 5252 deferre,
295 5183 366 5256 quia
375 5182 517 5238 tamenin
529 5179 627 5238 dubiis
635 5186 749 5238 certum
759 5197 814 5238 nec
829 5183 917 5238 volu·
971 5183 1047 5240 riam
1062 5184 1200 5241 crucifixi
1216 5190 1246 5242 et
1260 5185 1403 5258 templum
1419 5189 1449 5242 et
1463 5183 1668 5240 hereditatem
1681 5183 1746 5258 ejus
1761 5184 1798 5240 de

93 5291 161 5334 mus
170 5292 225 5334 nec
237 5271 754 5346 debemusproferrejudicium,cnm
765 5274 916 5332 etsietiam
970 5289 1154 5348 paganorum
1168 5274 1307 5332 manibus
1318 5271 1518 5341 liberandam,
1526 5277 1557 5328 et
1568 5287 1616 5328 res
1627 5273 1797 5344 exposueri-

90 5362 179 5430 nohis
188 5362 225 5420 de
234 5363 356 5420 veritate
367 5365 528 5428 constaret,
538 5359 571 5416 in
583 5358 719 5418 absentia
733 5366 832 5418 tamm
846 5379 916 5434 par·
971 5362 1009 5420 tis
1017 5368 1048 5420 et
1055 5379 1209 5436 personas,
1221 5361 1371 5421 Christum
1379 5361 1462 5418 vohis
1472 5361 1562 5418 vitam
1574 5364 1603 5416 et
1612 5366 1738 5420 mortem
1748 5360 1795 5420 lu-

91 5451 268 5522 tiselterius,
280 5450 413 5510 nondum
427 5447 727 5522 incoeptojudicioad
738 5451 916 5509 sententiam
971 5467 1055 5510 crum
1069 5468 1139 5510 cum
1152 5452 1294 5527 apostolo
1308 5451 1491 5524 reputantes.
1512 5449 1680 5510 Gandemus
1694 5455 1794 5510 autem

129 5567 206 5640 (lle)
217 5568 318 5626 Exstat
331 5565 363 5624 in
377 5565 472 5623 Gestis
484 5563 650 5622 innocentii
664 5565 713 5620 111.
1007 5567 1081 5644 (119)
1096 5569 1198 5637 Exstat
1212 5567 1243 5626 in
1257 5565 1353 5628 Gestis
1364 5565 1465 5636 innoc.
1481 5565 1530 5638 lli.
