3918 6014
168 292 243 331 xerat
835 263 1037 322 tanoduttttt
1055 261 1089 318 lli
1110 262 1212 318 PAPAE
1451 285 1453 292 ι
1790 273 1875 315 xuvttt

166 402 351 459 confirmans.
381 401 433 457 Sed
463 406 611 469 postquam
647 409 712 452 eam
751 401 871 450 matram
907 398 991 462 atque
1007 385 1876 459 Auernusobsequium,anpuleremurbostilemanimumes-

167 507 279 546 sorores
303 489 396 561 ipsius
419 489 449 544 ia
472 502 522 542 saa
543 485 668 542 obtinuit
693 487 843 556 potestate,
867 481 993 552 captivos
1046 481 1265 533 sumerecontra
1279 474 1610 546 reanumdopnoscenles
1624 491 1699 546 erpa,
1714 475 1877 548 petitionem

169 579 199 635 in
215 579 405 635 'l'taeutoniam
421 573 587 638 destinavit,
603 573 639 628 de
654 588 709 643 qau
723 573 768 628 rix
788 571 916 637 tandem,
931 570 992 639 ipso
1046 569 1147 640 ipsius,
1166 563 1316 622 secundum
1328 579 1362 620 ea
1376 577 1440 634 qaae
1462 563 1663 634 intelleximus,
1679 579 1739 620 esse
1748 566 1875 634 justam,

170 684 257 740 puero
273 668 301 723 in
316 667 480 737 captivitate
494 662 641 731 detracto,
657 670 745 717 mater
760 667 787 716 at
801 673 911 715 sorores
931 657 993 726 eius
1046 658 1170 728 saeorum
1183 655 1210 710 ei
1223 651 1402 726 apostolicum
1424 665 1507 724 super
1520 651 1581 724 ipsa
1595 654 1726 724 petitione
1739 651 1877 709 dammare

171 773 221 828 per
236 756 402 814 mandatum
417 749 605 823 apostolicum
628 749 789 806 eraserunt.
813 746 903 818 Gtapit
927 761 993 816 erqo
1047 741 1274 816 impendendum,
1299 756 1345 809 aa,
1368 743 1441 798 seei
1458 742 1577 812 forsitan
1596 741 1676 813 justa
1698 743 1874 813 deperimus,

170 845 304 901 dominas
327 859 399 914 papa
423 839 619 912 multipliciter
642 836 771 894 dubitare
786 835 853 906 qaid
867 835 894 892 ci
909 849 994 906 super
1047 839 1129 912 qnasi
1149 837 1307 911 desperans,
1336 839 1421 912 repni
1443 837 1564 894 hostibus
1587 837 1743 906 adderetur,
1766 841 1811 895 oet
1824 856 1878 911 per

171 932 307 1005 petitione
331 929 458 1002 praeteri
485 927 598 986 comitis
620 933 693 983 esset
722 923 876 996 agendam.
911 922 993 990 Nam,
1047 929 1169 1000 seipsum
1192 930 1295 1000 parlim
1315 929 1385 998 repis
1408 926 1643 997 deretinimieus,
1663 928 1879 998 etfiereterrer

171 1025 231 1094 ipsa
245 1036 340 1078 comes
354 1019 512 1087 Frederico,
528 1032 626 1089 puero,
644 1015 701 1085 regi
715 1013 834 1081 Siciliae,
849 1011 907 1069 titio
922 1027 994 1083 pce·
1048 1017 1215 1074 novissimas
1229 1017 1306 1088 pejor
1319 1015 1424 1086 priore.
1447 1017 1662 1072 rrocuraoinns
1676 1018 1773 1089 initur,
1790 1027 1814 1074 et
1827 1020 1879 1075 ob·

171 1111 240 1168 dicti
256 1108 446 1180 imperatoris,
462 1105 607 1162 ridebatur
623 1120 681 1162 non
696 1103 839 1160 immerito
855 1117 917 1158 esse
931 1116 994 1156 sas·
1050 1108 1185 1162 tinuimus
1199 1109 1275 1178 apud
1289 1107 1381 1178 ipsum
1403 1103 1497 1160 studio
1510 1105 1650 1177 dilipeuli,
1664 1107 1754 1162 multa
1767 1108 1884 1164 consilii

172 1207 281 1272 peetus,
304 1206 439 1268 tanquam
464 1188 512 1266 'qui
533 1209 650 1250 suorum
674 1193 835 1249 intenderet
860 1191 995 1261 injuriam
1049 1194 1249 1251 deliberatione
1268 1193 1435 1264 praenobile,
1457 1193 1529 1265 quod
1551 1193 1678 1250 exbibuil
1691 1195 1770 1252 nobis
1792 1211 1885 1269 supra

172 1289 328 1346 vindicare.
344 1287 409 1350 Sed,
424 1283 598 1342 econtrario
613 1281 767 1350 dubitabat,
780 1296 828 1348 ae,
839 1281 863 1336 sl
876 1279 996 1336 omnino
1048 1298 1158 1340 crucem
1172 1291 1197 1340 et
1210 1284 1346 1356 reliquiar
1361 1282 1533 1353 juratoriam
1554 1283 1711 1339 caulianem
1727 1283 1793 1356 (30),
1807 1286 1886 1357 qued

172 1378 262 1449 ipsias
290 1375 403 1432 comitis
432 1372 615 1444 repelleretur
644 1370 752 1442 petitio,
778 1371 839 1441 ipse
863 1384 893 1426 se
920 1368 996 1439 regis
1049 1388 1099 1429 nec
1112 1387 1161 1445 per
1173 1389 1213 1440 se,
1228 1388 1278 1429 uec
1289 1370 1884 1445 peraliummacin'nebiturquidquumcon-

174 1464 303 1523 hostibus
332 1465 474 1534 jungeret,
499 1464 528 1518 et
551 1460 592 1517 sio
616 1458 694 1515 lieret
717 1473 795 1516 error
824 1457 997 1516 novissimas
1049 1464 1094 1517 lra
1107 1477 1253 1533 personum
1267 1459 1351 1531 repis,
1368 1459 1499 1516 bonorem
1521 1457 1619 1532 ipsias,
1633 1469 1789 1533 etrepnum
1804 1461 1883 1518 Sici·

174 1555 255 1627 pejor
270 1553 371 1625 priore.
388 1550 558 1608 Deliberant
572 1547 658 1621 igitar
672 1547 823 1618 diligenter
834 1562 891 1604 aon
904 1546 996 1602 seium
1051 1549 1098 1605 lice
1107 1567 1119 1614 ,·
1138 1548 1196 1617 sed,
1216 1565 1277 1605 eum
1291 1551 1451 1621 assequetur
1472 1549 1663 1621 principatum
1677 1557 1702 1606 et
1714 1553 1883 1607 comitatum

175 1659 241 1699 oum
252 1639 455 1710 cardinalibus,
467 1641 515 1696 sed
527 1636 781 1695 cteamaiiisviris
790 1634 995 1707 prudentibas3
1050 1637 1204 1710 predictae,
1219 1638 1262 1694 uel
1275 1638 1380 1708 iustum
1400 1637 1586 1708 excambium,
1601 1638 1638 1693 ad
1653 1638 1815 1695 mandatum
1828 1656 1883 1696 no·

176 1739 202 1787 et
217 1730 248 1786 in
264 1729 317 1787 boc
331 1731 446 1786 madum
459 1728 660 1785 universorum
675 1725 778 1783 resedit
792 1724 998 1791 consiliumet
1013 1773 1039 1838 B
1052 1736 1142 1782 strum
1155 1727 1302 1797 praestabit
1315 1724 1406 1782 eidem
1419 1728 1480 1798 repi
1492 1725 1668 1797 fidelitatem,
1682 1732 1709 1783 et
1723 1728 1884 1786 dominium

173 1822 221 1890 jas
236 1819 310 1892 qaod
326 1833 395 1875 uxor
409 1815 539 1891 predicti
555 1815 667 1872 comitis
686 1830 721 1872 ex
743 1812 929 1872 concessione
943 1812 997 1868 im·
1052 1813 1192 1870 exhibebit
1206 1818 1233 1870 et
1249 1814 1327 1871 nobis
1341 1822 1398 1872 tam
1419 1815 1494 1885 repis
1508 1815 1625 1873 tutelam
1638 1831 1722 1888 quam
1736 1818 1815 1890 requi
1830 1820 1884 1874 bu-

176 1907 312 1978 paratoria
336 1906 456 1963 habebat
479 1905 510 1962 ia
534 1905 670 1962 comitata
699 1901 768 1959 uicti
792 1901 998 1974 etprincipatu
1054 1903 1125 1960 lium
1148 1905 1318 1959 assecurabit
1341 1903 1437 1976 propio
1459 1904 1633 1976 juramenta,
1657 1916 1684 1962 et
1709 1905 1779 1978 quod
1808 1906 1886 1963 bonu

174 1998 299 2064 Tarenti,
324 2003 572 2066 recognosceretur
597 1992 652 2061 illi,
668 2009 704 2050 ae
715 1991 856 2064 justitiam
876 1992 999 2062 denega·
1053 1991 1106 2064 fide
1119 2007 1253 2064 proposse
1266 2008 1316 2048 suo
1327 1991 1364 2048 ad
1374 1993 1559 2065 detentionem
1574 1995 1647 2064 repis
1661 1998 1687 2050 el
1698 1995 1778 2067 repni
1790 1997 1886 2052 stude·

176 2093 219 2142 ret
233 2086 300 2158 (28).
318 2085 570 2142 casaromaniana
599 2081 793 2154 suspicionem
808 2079 924 2152 prealato
939 2079 998 2148 regi
1055 2081 1095 2137 bit
1116 2089 1211 2138 contra
1234 2080 1321 2138 lrostes
1335 2079 1434 2154 ipsius,
1448 2083 1614 2138 nominatim
1627 2085 1723 2139 contro
1742 2082 1886 2140 dorcaci-

177 2183 298 2240 careret‚
315 2174 344 2230 ia
360 2173 474 2242 publico
489 2171 670 2238 consistorio,
685 2177 795 2225 astante
815 2166 1000 2224 multitudino
1053 2169 1132 2234 dum,
1156 2169 1339 2242 diupuldum,
1356 2169 1494 2228 oddonem
1509 2171 1543 2226 de
1563 2172 1696 2242 Lariano,
1713 2176 1739 2227 el
1759 2175 1888 2244 [autores

176 2264 301 2334 eopiosa,
325 2262 515 2331 subscriptum
539 2259 574 2315 atr
599 2260 663 2330 ipso
685 2257 789 2315 comite
806 2257 1000 2327 iuramentum
1054 2261 1186 2331 ipsoram.
1203 2258 1338 2315 Similiter
1364 2263 1457 2315 aulem
1480 2259 1509 2316 S.
1525 2275 1607 2330 uuor,
1630 2260 1888 2333 elfiliaquondem

177 2352 290 2422 recepit.
309 2353 351 2419 Et,
368 2365 405 2407 ne
421 2349 574 2406 familiares
589 2349 662 2419 regis
685 2346 947 2404 scandalizarentur
966 2361 999 2403 ax
1054 2347 1128 2419 repis
1144 2349 1285 2416 tancredi,
1301 2364 1373 2404 acor
1387 2349 1475 2420 ipsine
1493 2349 1609 2419 comitis,
1630 2350 1796 2420 juraverunt
1810 2352 1888 2422 quod

177 2441 243 2507 hoc,
258 2442 282 2496 si
298 2441 379 2508 torte,
403 2447 555 2510 antequem
570 2437 612 2494 eis
629 2436 791 2507 hujusmodi
806 2435 872 2492 iacti
886 2449 1000 2492 causam
1054 2437 1094 2508 id,
1110 2439 1287 2510 quantumin
1303 2437 1345 2494 eis
1359 2442 1409 2501 est,
1432 2435 1552 2507 fideliter
1574 2437 1763 2505 elementem,
1778 2448 1805 2495 er
1816 2456 1886 2510 pro.

178 2535 343 2600 exponeret,
360 2528 545 2586 concessisset
561 2527 675 2599 praelato
695 2525 791 2582 comiti
819 2525 925 2581 litteras
949 2539 1000 2596 pro
1054 2526 1194 2583 curabant
1208 2525 1281 2598 apud
1295 2525 1419 2582 eumdem
1431 2527 1558 2581 camdem
1571 2533 1603 2582 ut
1617 2526 1817 2584 inuiolabiliter
1831 2529 1885 2584 ob·

179 2618 340 2688 principatu
369 2617 485 2673 Tarenti
511 2625 538 2671 et
565 2615 701 2671 comitato
732 2613 803 2671 Licii
832 2613 1000 2679 obtinendo,
1054 2620 1199 2672 seruentur
1213 2615 1279 2688 (31).
1297 2615 1373 2683 Quod
1387 2614 1413 2670 si
1422 2616 1517 2686 forsan
1530 2622 1627 2672 contra
1638 2615 1886 2690 praestitamjura-

179 2710 307 2778 protinus
323 2705 402 2762 misit
416 2705 457 2761 eia
473 2704 581 2760 litteras
596 2705 625 2758 in
643 2702 719 2758 hauc
734 2703 850 2758 modom
870 2703 924 2768 (29)
939 2719 946 2759 :
1054 2713 1177 2760 mantum
1192 2704 1372 2773 idemcomes,
1387 2705 1430 2760 uel
1444 2719 1516 2760 tueor
1526 2705 1623 2777 ipsius,
1639 2720 1688 2777 per
1702 2705 1887 2762 seuelalr'urn

212 2796 303 2866 Nuper
316 2795 432 2850 dilectas
450 2792 536 2861 filius,
553 2791 655 2848 nobilis
668 2791 723 2858 uir,
740 2789 897 2858 Garutianus,
913 2806 1001 2847 eomes
1054 2807 1216 2866 quacunque
1230 2798 1351 2848 tentaret
1370 2794 1514 2850 occasune
1533 2795 1637 2861 uenire,
1659 2797 1759 2865 preter
1773 2804 1886 2851 reatum

176 2881 335 2950 Brenensis,
350 2898 413 2936 curn
434 2879 523 2936 nobili
538 2879 656 2935 muliere
678 2878 706 2934 S.
736 2877 833 2934 relicta
856 2879 1000 2950 quondam
1052 2881 1183 2953 perjurii,
1206 2881 1476 2938 excomunicationis
1491 2884 1522 2938 in
1544 2897 1677 2954 personas
1698 2889 1725 2940 el
1740 2884 1890 2942 interdicti

175 2973 247 3043 repis
264 2970 404 3036 tancredi,
430 2979 457 3024 et
473 2969 532 3027 ilio
548 2967 645 3040 ipsias,
661 2983 746 3023 unere
767 2983 830 3034 sua,
847 2983 910 3022 cum
923 2967 999 3022 mili·
1052 2972 1221 3028 senteutiam
1233 2972 1262 3027 in
1279 2979 1387 3026 terrant
1400 2971 1585 3041 incurrerent,
1596 2975 1623 3028 el
1636 2973 1670 3028 ab
1685 2975 1761 3029 omni
1775 2973 1847 3044 iure,
1858 2977 1891 3030 si

175 3060 249 3116 tibus
262 3060 344 3114 etiarn
359 3067 384 3114 et
399 3059 465 3113 aliis
479 3056 586 3122 multis,
601 3056 639 3111 ad
653 3057 830 3127 apostolicam
845 3057 937 3112 mdem
952 3071 999 3111 ec·
1054 3059 1125 3131 quod
1139 3061 1179 3116 eis
1195 3058 1351 3116 nousolum
1366 3057 1396 3114 in
1407 3059 1653 3129 aradicrrsrerrie,
1665 3062 1714 3118 sed
1723 3062 1787 3119 elin
1798 3080 1889 3134 capno

174 3149 281 3218 cedens,
297 3164 333 3203 eac
350 3154 430 3219 parte
440 3145 527 3218 ipsius
539 3149 635 3201 acoris
649 3159 719 3213 suec,
739 3161 772 3200 aa
785 3160 911 3201 sororum
925 3145 1000 3210 eius·
1016 3131 1041 3198 C
1057 3149 1142 3206 etiam
1151 3152 1327 3220 competeret,
1342 3147 1472 3204 cuderent
1481 3149 1606 3205 omnine.
1618 3151 1815 3222 superquibus
1826 3167 1888 3207 orn.

175 3237 246 3308 dem,
258 3237 414 3310 petitionem
425 3236 504 3290 nobis
518 3232 620 3306 offerre
629 3231 738 3288 curauit
748 3249 828 3304 super·
837 3231 1001 3305 assipnondo
1055 3238 1139 3294 nibus
1154 3236 1273 3308 fideliler
1286 3235 1466 3292 observandis
1484 3236 1660 3310 fidejussores
1673 3238 1786 3296 idoneos
1807 3239 1884 3297 idem

175 3325 232 3382 sibi
246 3327 403 3397 principatu
423 3321 612 3380 Tarentinensi
625 3329 653 3379 et
668 3323 801 3378 comitatu
815 3321 947 3390 Liciensi,
958 3325 1002 3377 aei
1054 3341 1142 3382 cemes
1158 3325 1247 3395 nobis,
1271 3340 1338 3397 quos
1351 3323 1460 3396 polerit,
1484 3325 1633 3382 ecbibebit.
1649 3327 1776 3384 Veientes
1790 3329 1886 3400 ipilur·
1944 3401 1945 3404 Ἴ

176 3416 248 3472 iusta
263 3415 403 3470 encambio
417 3428 466 3484 pro
481 3413 540 3483 ipro
553 3411 693 3478 comitatu,
703 3411 788 3481 juata
801 3413 1001 3467 concessionem
1055 3414 1153 3472 bonam
1178 3417 1264 3470 rrestro
1278 3413 1393 3484 deterre,
1407 3412 1573 3486 priusquam
1596 3417 1623 3471 ei
1646 3417 1838 3488 principatum
1853 3422 1883 3474 ei

177 3519 261 3576 quarn
284 3504 417 3560 Henricus
439 3500 577 3572 quandam
599 3502 749 3572 imperator
769 3500 908 3572 cupariis
933 3500 998 3555 Wil·
1053 3505 1216 3560 comitatum
1242 3503 1399 3575 predictos,
1429 3503 1471 3559 uel
1495 3504 1603 3576 justum
1632 3507 1800 3578 locaremus,
1830 3518 1885 3564 nur

176 3593 256 3648 leima
273 3593 421 3666 quondum,
445 3589 503 3661 ilie
518 3589 592 3660 repis
606 3589 739 3660 ejusdem,
755 3594 783 3646 et
806 3587 895 3660 ipsius
909 3587 999 3646 baere-
1052 3594 1136 3650 etiarn
1164 3591 1358 3648 mandaremus
1377 3591 1551 3648 escambium
1575 3595 1723 3666 arripuere,
1747 3595 1778 3652 id
1800 3596 1879 3653 aubis

173 3682 266 3746 dibus,
290 3678 513 3752 secissepublice
535 3678 707 3748 irascebatur,
733 3676 915 3749 cuchentra
936 3692 1000 3734 curn
1052 3680 1394 3750 ducimusinlimandum,
1407 3682 1881 3753 orpratarnestramconsctamiam

175 3787 226 3826 nec
248 3767 318 3825 idem
353 3767 514 3834 Wiltelmus,
537 3782 587 3820 ner
611 3780 718 3821 sorores
734 3766 821 3836 ipsius
850 3766 881 3820 in
903 3765 999 3838 aliquo
1052 3786 1107 3827 nan
1122 3772 1448 3841 apatur,traternilutem
1462 3777 1582 3826 uestram
1592 3774 1879 3830 monenteseleelaor-

175 3857 376 3928 deliquissent,
415 3857 510 3922 utpote
543 3853 593 3924 qui
628 3854 724 3910 aetalr's
753 3852 882 3924 benedicio
913 3870 999 3912 encu-
1053 3866 1141 3914 lantes
1164 3861 1194 3914 in
1218 3859 1346 3927 Domino,
1374 3874 1407 3914 ac
1430 3873 1480 3931 per
1502 3861 1650 3931 apostolica
1678 3861 1753 3918 uobis
1775 3865 1881 3935 scripta

174 3953 279 4000 santur.
307 3943 359 4000 Nos
383 3943 482 4014 ipitrrr,
511 3937 631 4013 ejusdem
653 3939 762 3996 comilis
784 3941 957 3998 nobilitatem
973 3952 999 4000 ct
1052 3945 1226 4017 mandentes,
1242 3955 1386 4020 quatenus,
1402 3949 1479 4018 insen
1507 3963 1554 4004 uos
1568 3951 1640 4022 ipsos
1653 3948 1819 4022 dilipenlins
1834 3957 1881 4008 at·

175 4033 329 4104 potentiam
342 4029 523 4095 attendentes,
537 4045 599 4085 eum
614 4029 698 4084 ctiam
712 4045 777 4085 eum
791 4031 876 4085 mulli
884 4045 999 4104 sequun—
1053 4035 1194 4094 tendentes
1208 4044 1235 4092 et
1249 4037 1388 4108 iustitiam
1399 4045 1426 4092 et
1439 4040 1592 4108 potentium
1607 4040 1717 4095 comitis
1731 4040 1879 4112 antedicti,

176 4123 233 4190 tur,
249 4124 275 4176 ⁶²
287 4120 383 4191 piures
396 4116 454 4173 ‘ill‘
468 4119 498 4172 ²¹⁷³
523 4113 652 4188 llr⁰xim⁰
666 4117 800 4186 ’wimiis
815 4120 907 4188 ¹⁴5th
919 4133 998 4190 etiem
1052 4128 1102 4197 qui
1114 4142 1164 4197 per
1176 4141 1206 4182 re
1219 4141 1252 4181 ac
1263 4141 1326 4180 suos
1340 4124 1399 4197 rapi
1412 4139 1540 4198 aarepno
1551 4125 1655 4198 polerit
1670 4127 1776 4185 artriiter
1789 4127 1881 4186 deser·

176 4209 269 4266 dilecti
282 4206 351 4280 filii,
364 4205 524 4270 Comitum
537 4215 563 4262 el
578 4203 719 4262 Ftundriae
733 4206 853 4274 0091963,
867 4208 998 4277 crocina
1052 4217 1120 4282 aire,
1133 4217 1159 4270 et
1174 4213 1262 4270 docter
1274 4215 1361 4286 ipsius
1374 4217 1498 4284 potenter
1516 4230 1549 4270 ac
1563 4215 1686 4272 uiriliter
1704 4233 1877 4290 ecpupaarc,

177 4297 512 4376 lineaconsanpainitatis
521 4298 673 4366 attineant,
683 4295 798 4367 quiiem
807 4299 897 4354 mauis
906 4297 999 4368 siqua·
1052 4305 1240 4359 necessitatem
1259 4317 1365 4376 quoque
1389 4303 1470 4373 repni
1482 4306 1510 4359 al
1536 4308 1695 4376 epectatem,
1719 4306 1800 4380 quod,
1814 4324 1878 4380 pec-

175 4390 267 4444 cutum
290 4388 509 4460 assumpserunt,
522 4385 553 4440 in
570 4388 654 4442 terrae
671 4393 774 4443 sanctu
787 4401 948 4442 succursum
972 4393 997 4445 et
1051 4391 1120 4446 calis
1132 4390 1318 4460 eaipenlibue,
1331 4407 1388 4448 non
1401 4393 1491 4448 sotum
1504 4392 1752 4466 supervenientem,
1766 4395 1811 4452 scd
1825 4413 1878 4452 nec

175 4479 264 4550 ipsius
285 4478 395 4533 comitis
417 4475 569 4531 subsidium
591 4469 754 4548 profecturi,
783 4473 998 4532 deliberavimus
1013 4479 1136 4568 Deliam
1159 4480 1349 4536 imminentem
1372 4480 1590 4552 persecutionem
1614 4483 1876 4554 sufficitsuslinere,

175 4562 762 4640 quidessetapendum,utrumsciliceteurn
774 4563 1000 4636 adreqr'rrrube-
1052 4570 1204 4625 orocurelis
1225 4567 1377 4639 prudenter
1398 4572 1425 4624 el
1448 4577 1537 4636 caute,
1554 4576 1584 4624 ut
1597 4570 1671 4640 quod
1683 4570 1719 4626 ad
1733 4571 1878 4642 justitiam

213 4745 268 4816 tiSt
285 4743 444 4800 Notandum
460 4742 533 4812 quod
549 4741 634 4812 paulo
648 4748 714 4798 sate
729 4741 789 4810 ipse
814 4743 999 4800 innocentius
1051 4753 1105 4804 rat.
1122 4745 1193 4812 imo,
1207 4753 1316 4802 certum
1333 4753 1388 4814 est,
1408 4745 1490 4802 initio
1511 4743 1694 4817 pontificatus
1714 4751 1879 4808 innocentii

176 4817 228 4872 pp,
245 4816 293 4885 itt,
311 4821 343 4870 tt.
360 4815 493 4870 comitem
506 4813 584 4882 Liuii,
596 4813 649 4894 sals
659 4813 833 4896 protectione
842 4815 999 4885 apostolica
1052 4817 1084 4874 R.
1110 4817 1242 4874 comitem
1266 4817 1336 4874 Liuii
1360 4816 1456 4873 tuisse.
1481 4815 1549 4874 Vide
1570 4817 1720 4888 epistolam
1734 4819 1783 4875 tet
1808 4821 1877 4880 libri

177 4895 347 4958 susceperat,
371 4884 588 4955 specialiterque
613 4884 679 4938 Laeti
709 4883 859 4940 comitatus
887 4901 998 4954 posses·
1052 4888 1147 4959 primi,
1172 4889 1358 4944 Acheruntino
1381 4886 1606 4959 archiepiscope:
1626 4893 1659 4944 ut
1685 4889 1875 4950 olomucen

176 4957 286 5015 sionem
309 4957 335 5012 oi
361 4955 585 5012 confirmaverat.
609 4953 681 5011 Vide
695 4955 842 5022 epistolam
859 4956 911 5010 t82
932 4956 997 5014 libri
1051 4959 1242 5016 ecclesiastiae
1261 4975 1316 5015 non
1341 4958 1584 5024 administrentur,
1598 4959 1646 5016 sed
1659 4963 1798 5019 exstructa
1813 4981 1872 5020 mo-

175 5029 295 5087 seeundi
310 5043 371 5100 qua
386 5027 500 5098 quidem
517 5025 591 5082 notis
606 5025 816 5096 chronologicis
840 5035 928 5096 earet,
950 5044 996 5085 re·
1050 5034 1171 5086 nectario
1193 5029 1228 5086 ab
1247 5031 1381 5102 episeopis
1404 5040 1618 5093 consecrentur:
1633 5032 1690 5088 dat.
1706 5032 1821 5105 Spoleti,
1845 5054 1874 5094 vr

175 5117 251 5170 rum,
278 5116 311 5157 ex
337 5097 399 5156 loeo
423 5112 478 5166 qao
505 5097 535 5152 in
563 5099 603 5152 lte
623 5104 684 5152 esto
711 5097 870 5166 exhibetur,
898 5113 997 5156 meuse
1051 5099 1112 5156 liet.
1129 5101 1304 5171 Septembris
1318 5117 1364 5158 an.
1380 5117 1390 5157 ι
1405 5101 1455 5174 (id.
1470 5109 1509 5157 est
1522 5101 1752 5171 attacttbteatm
1767 5106 1875 5164 diserte

175 5171 346 5244 Septembri,
360 5185 408 5225 aa.
426 5167 505 5234 1199,
521 5168 586 5250 deta
600 5112 899 5252 lssrrissolridetamouo
915 5179 997 5242 pacto
1049 5172 1154 5242 legitur
1169 5189 1176 5228 ι
1193 5194 1207 5222 a
1218 5171 1401 5242 significante
1415 5172 1506 5229 nobili
1521 5173 1590 5242 viro,
1619 5173 1649 5230 ll.
1666 5176 1764 5232 comite
1788 5179 1872 5248 licii,

174 5252 279 5312 satem,
295 5256 387 5312 quoae
402 5239 494 5307 titolo,
508 5241 541 5294 lt.
557 5238 606 5295 rtle
621 5246 786 5295 comitatum
804 5239 996 5312 trattadaptus
1050 5250 1149 5301 aestro
1165 5243 1335 5313 apostolatui
1349 5250 1391 5300 est
1406 5251 1571 5309 reseratum,
1587 5265 1602 5295 n
1617 5253 1672 5302 etc.

176 5313 275 5379 tuerat,
305 5314 417 5370 nescire
442 5325 494 5368 nos
525 5309 654 5365 latemur.
693 5309 855 5380 &nualdus
882 5311 994 5382 (Annei.
1085 5314 1138 5384 (29)
1164 5313 1288 5386 Epistola
1311 5315 1364 5371 ista
1386 5315 1418 5371 ia
1442 5313 1571 5388 Regestiu
1595 5315 1747 5374 bodieaon
1764 5321 1873 5390 reperi·

178 5384 274 5438 licctes.
290 5391 358 5439 tom.
383 5383 459 5449 ttttt,
475 5397 538 5452 pag.
553 5381 599 5447 28,
614 5380 670 5437 coi.
685 5383 714 5448 2,
727 5383 761 5437 ad
774 5397 821 5438 so.
833 5382 912 5450 1199,
925 5383 994 5468 ἓίὸ)
1049 5389 1104 5442 tar.

175 5455 205 5510 in
221 5453 273 5508 ists
291 5453 450 5511 innocentii
465 5449 584 5524 epistola
596 5452 632 5507 de
646 5451 708 5522 ipso
732 5451 876 5509 Gaatterio
889 5469 945 5526 ugr,
961 5470 995 5512 aa
1083 5455 1140 5527 (39)
1153 5455 1219 5513 Hac
1233 5455 1307 5512 inira
1321 5461 1498 5524 repetuntur.
1514 5455 1586 5514 vtae
1599 5458 1614 5526 5
1625 5457 1670 5514 33.

175 5525 294 5596 proinde
310 5525 459 5594 legendum
475 5538 536 5580 esse
550 5527 583 5579 o.
600 5538 650 5592 pro
664 5525 696 5580 ll.
711 5525 992 5594 censuissasidetur;
1083 5527 1140 5600 (31)
1154 5527 1303 5585 llaetemas
1317 5526 1331 5600 ξ
1345 5527 1389 5582 33.

175 5595 224 5652 sad
239 5611 292 5670 qua
308 5597 472 5655 auctoritate
485 5596 584 5664 tratas,
600 5594 723 5672 scriptor
745 5592 794 5652 ille
817 5611 876 5654 nou
896 5595 992 5654 decla·
