3972 6068
198 341 249 400 699

689 326 891 394 Innocuam
908 331 947 386 111
964 329 1021 386 PP.
1041 325 1277 383 REGESTORUM
1292 325 1358 382 LlB.
1378 324 1414 380 11.

1852 335 1903 388 70⁰

198 485 318 542 mopere
326 463 551 541 praecavendum
561 482 599 521 ne
606 469 674 522 ante
683 478 811 520 messem
819 455 1018 516 zizaniaoolli-
1031 459 1062 524 Α
1075 470 1142 509 rum
1152 452 1332 525 inpraedicta
1342 452 1473 508 Ecclesia
1482 453 1527 508 vel
1538 453 1677 525 hospitali
1688 456 1784 513 valeat
1797 459 1904 514 vendi-

198 563 313 633 gantur,
321 554 557 627 nelorsan,quod
567 547 1021 610 absit!cumeisetiamtriticum

197 643 578 702 evellaturSanesicutnon
588 642 676 698 debet
686 639 826 696 haeretica
834 636 961 710 pravitas
975 638 1022 688 to-

197 735 296 792 lerari.
309 734 351 789 sic
362 731 496 788 enervari
508 747 569 786 non
582 730 670 786 debet
679 723 1019 802 religiosasimplicitas;

198 824 291 880 nevel
307 822 450 894 patientia
465 819 724 877 nostrahaereticis
742 816 895 872 audaciam
905 811 1020 869 submi·

196 916 313 980 nistret,
326 912 371 966 rel
383 911 533 983 simplices
543 909 731 982 impatientia
741 907 835 961 multa
848 901 1019 970 contundat,

194 1008 230 1060 ut
243 1001 329 1059 nobis
338 1001 680 1071 diruptisconvertantur
688 996 718 1052 in
726 1011 827 1052 areum
838 1006 1019 1066 perversum,

196 1098 225 1148 et
239 1093 270 1147 in
280 1091 436 1147 haereticos
447 1089 483 1144 de
495 1087 680 1160 simplicibus
695 1088 924 1143 commutentur.
942 1081 1018 1134 Sane

196 1179 369 1256 significasti
385 1178 471 1234 nobis
481 1194 535 1250 per
547 1177 661 1232 litteras
679 1181 754 1244 tuas,
768 1173 858 1229 trater
870 1171 1018 1243 episcope,

194 1269 275 1342 quod
290 1267 394 1324 tamin
409 1265 528 1323 dioecesi
544 1282 634 1338 quam
657 1265 730 1320 urbe
755 1259 887 1328 Metensi,
904 1265 972 1326 eto„
988 1261 1020 1313 ut

194 1376 280 1428 supra
291 1374 377 1429 usque
392 1359 428 1412 od
441 1357 552 1412 uerbum
568 1355 598 1410 in
614 1354 740 1410 occulto.
754 1353 827 1419 Quia
841 1366 909 1405 vero
924 1347 1019 1404 indu-

194 1449 251 1504 biis
278 1451 400 1503 nonest
419 1445 455 1502 de
471 1445 550 1501 sacili
575 1442 724 1500 sententia
746 1437 934 1514 proterenda,
950 1453 1017 1492 oum

194 1537 274 1609 quod
284 1537 329 1592 vel
340 1536 430 1591 iidem
441 1539 541 1590 errent
555 1533 586 1588 in
601 1533 658 1588 ilde
668 1531 713 1587 vel
725 1547 742 1586 a
753 1529 888 1586 doctrina
904 1527 1017 1582 discre-

193 1630 266 1698 pent
288 1624 421 1692 salutari,
437 1623 523 1679 nobis
546 1638 599 1694 per
614 1627 679 1677 tuas
695 1620 818 1687 litteras,
835 1617 926 1672 irater
940 1614 1017 1685 epis·

192 1730 276 1786 eope,
292 1730 353 1769 non
371 1713 491 1769 duxeris
503 1710 740 1784 exprimendum,
758 1723 826 1764 cum
843 1705 1016 1777 opinionem

192 1804 317 1859 etvitam
327 1819 429 1858 eorum
437 1802 555 1874 penitus
567 1801 737 1872 ignoremus
748 1797 798 1868 qui
810 1811 908 1851 sacras
917 1793 1013 1864 Scrip-

192 1897 275 1948 turas
289 1891 388 1948 taliter
402 1890 628 1956 transtulerunt,
644 1892 695 1943 aut
716 1903 818 1942 eorum
840 1883 891 1955 qui
906 1882 1015 1937 docent

194 1981 293 2036 taliter
297 1981 361 2053 jam
373 1979 542 2044 translatas,
555 1993 681 2050 quorum
693 1981 832 2032 neutrum
844 1978 940 2044 potest
951 1971 1015 2026 tleri

195 2070 260 2126 sine
271 2068 396 2124 scientia
406 2068 584 2134 litterarum,
594 2065 702 2122 licetin
713 2065 760 2119 his
772 2061 912 2135 arguendi
925 2060 1016 2116 meri·
1036 2127 1037 2132 ἵ

193 2162 223 2212 to
235 2157 392 2213 rideantur
407 2155 485 2228 quod
501 2154 617 2210 occulta
635 2151 840 2210 conventicula
852 2149 1014 2217 celebrant,

191 2246 325 2302 officium
341 2245 407 2312 sibi,
423 2249 490 2312 etc,
506 2261 591 2315 mque
605 2242 760 2298 adverbum
774 2256 834 2296 non
850 2239 1014 2304 inhrerent;

193 2335 365 2391 discretioni
375 2331 708 2405 vestrasperapostolica
718 2331 829 2401 scripta
839 2326 1015 2384 mandamus

193 2417 1015 2496 atquepraecipiniusquatenuseoscommonerediligen·

191 2513 251 2568 tius
267 2512 420 2580 studeatis,
436 2511 602 2566 rationibus
618 2513 647 2564 et
661 2504 917 2564 exhortationibus
936 2503 1015 2559 inni·

193 2607 290 2657 tentes
304 2605 337 2656 ut
351 2601 387 2656 ab
398 2600 446 2656 his
461 2600 491 2655 in
507 2598 615 2670 quibus
625 2602 769 2670 apparent
782 2594 1014 2668 reprehensione

192 2689 350 2750 notabiles.
360 2690 482 2746 omnino
491 2687 646 2754 desistant,
656 2685 847 2743 necoltlcium
858 2683 913 2740 sibi
922 2682 1015 2738 vindi·

195 2777 413 2834 centalienum.
431 2777 593 2848 Inquiratis
606 2775 695 2832 etiam
706 2774 832 2830 sollicite
842 2773 1013 2828 veritatem:

192 2867 260 2937 quis
273 2866 363 2922 luerit
377 2871 481 2921 auctor
489 2865 694 2921 translationis
705 2863 796 2930 illius,
812 2878 878 2932 quaa
888 2860 1013 2915 intentio

192 2954 410 3021 transferentis,
426 2971 492 3026 qum
512 2953 585 3008 tides
599 2953 757 3018 utentium,
773 2967 839 3022 quas
858 2965 947 3005 causa
960 2948 1013 3004 do-

191 3043 291 3110 cendi,
308 3044 332 3098 si
344 3043 444 3098 sedem
463 3041 657 3113 apostolicam
672 3046 702 3097 et
722 3040 898 3096 catholicam
913 3039 1013 3093 Eccle-

191 3133 266 3189 siam
281 3135 459 3187 venerentur
470 3149 477 3198 ;
488 3137 521 3187 ut
529 3147 618 3202 super
625 3130 673 3184 his
684 3133 713 3184 et
722 3128 789 3184 aliis
800 3144 865 3199 queo
876 3142 1011 3182 necessa·

1076 559 1160 611 care;
1177 542 1274 598 sedin
1291 547 1435 614 potestate
1457 545 1486 597 et
1505 542 1647 614 regimine
1664 545 1902 616 compostellan.

1075 631 1224 700 Ecclesia,
1241 632 1306 687 sine
1321 631 1431 703 injuria
1446 630 1609 686 vercellen.
1635 631 1777 706 episcopi,
1801 653 1904 692 rema-

1074 726 1166 776 neant
1180 720 1325 776 absolute.
1342 723 1498 788 Praeterea,
1508 719 1730 788 refutationem,
1741 740 1833 795 quam
1851 743 1903 780 su·

1073 825 1127 882 per
1146 809 1214 882 jnre
1240 808 1423 864 fundationis
1436 813 1466 863 et
1480 808 1681 865 advocationis
1704 813 1749 866 vel
1774 813 1903 870 alterius

1073 897 1233 971 cujuslibet
1246 897 1300 964 rei,
1317 896 1396 968 quod
1420 897 1475 951 sibi
1501 913 1679 970 quocunque
1705 901 1794 957 modo
1811 920 1902 958 com-

1073 993 1173 1061 petere
1189 986 1352 1053 videbatur,
1369 987 1400 1040 in
1415 985 1538 1056 praelata
1561 987 1692 1044 Ecclesia
1707 990 1767 1046 sire
1791 991 1900 1064 hospi·

1072 1077 1125 1132 tali
1150 1077 1289 1150 praelatus
1311 1078 1364 1130 Vu.
1389 1092 1442 1148 pro
1464 1093 1496 1131 se
1516 1082 1547 1132 et
1568 1077 1736 1135 heredibus
1759 1082 1822 1136 suis
1847 1100 1903 1154 per

1073 1167 1304 1222 instrumentum
1328 1164 1481 1237 publicum
1508 1171 1672 1237 spontanee
1693 1167 1773 1236 lecit,
1800 1177 1903 1227 ratam

1072 1255 1260 1312 decernimus
1274 1269 1460 1326 permanere.
1477 1253 1555 1310 Nulli
1570 1271 1650 1328 ergo,
1664 1262 1720 1315 etc.
1735 1261 1901 1316 conflrma-

1072 1345 1161 1401 tionis
1173 1349 1203 1400 et
1214 1343 1447 1412 constitutionis,
1463 1348 1519 1399 etc.

1107 1437 1224 1502 Datum,
1241 1439 1377 1503 utsupra.

1421 1539 1540 1614 cxciv,

1194 1663 1279 1704 emito
1298 1663 1518 1703 GOSPOS'OELLAN.
1543 1663 1766 1706 incurviscere.

1073 1758 1107 1812 Ut
1133 1756 1216 1812 abhas
1244 1760 1269 1810 et
1289 1756 1481 1822 monasterium
1507 1754 1540 1809 de
1562 1756 1739 1812 antealtaria
1764 1757 1899 1830 Compos-

1180 1845 1279 1900 tellano
1300 1843 1399 1914 [orchi]
1418 1841 1542 1914 epa'scopo
1562 1844 1713 1916 subJactum
1738 1848 1784 1904 sit.

1292 1951 1450 2024 (Laterani,
1466 1967 1501 2006 vn
1516 1951 1559 2007 ld.
1573 1951 1667 2023 tulit.)

1105 2061 1177 2116 Cum
1188 2059 1261 2114 olim
1272 2075 1352 2114 esses
1362 2057 1714 2114 infelicisrecordationis
1729 2058 1894 2116 Alexandri

1068 2165 1152 2222 papas
1167 2147 1393 2220 predecessoris
1413 2147 1506 2202 nostri
1526 2148 1685 2219 praesentia
1712 2149 1896 2205 constitutus

1070 2254 1137 2295 cum
1152 2237 1258 2294 abbate
1268 2236 1305 2293 de
1321 2236 1513 2304 antealtaria,
1528 2236 1623 2292 varias
1633 2236 1772 2308 querelas
1787 2243 1896 2294 contra

1070 2343 1138 2384 eum
1153 2327 1235 2399 prius
1251 2326 1451 2398 inpraesentia
1465 2324 1663 2397 quorumdam
1682 2325 1895 2395 cardinalium,

1070 2415 1178 2488 quibus
1193 2431 1282 2470 causa
1297 2415 1457 2470 commissa
1476 2413 1573 2470 luerat
1594 2414 1752 2482 audienda,
1768 2421 1800 2470 et
1813 2421 1900 2486 post-

1070 2504 1190 2561 modam
1205 2505 1235 2560 in
1255 2503 1349 2576 ipsius
1370 2503 1516 2559 auditorio
1540 2503 1737 2575 proponebas,
1754 2518 1898 2560 asserens

1070 2593 1149 2667 quod
1162 2593 1336 2666 praedictum
1352 2593 1565 2648 monasterium
1580 2592 1678 2664 quoad
1684 2593 1735 2665 jus
1749 2597 1836 2665 patro
1844 2611 1902 2650 na·

1070 2689 1117 2740 tus
1130 2682 1183 2738 tibi
1199 2688 1228 2737 et
1241 2681 1472 2754 compostellan.
1495 2681 1635 2736 Ecclesia
1658 2681 1833 2738 subtrahere
1848 2700 1902 2738 vo·

1069 2773 1184 2840 luisset,
1199 2771 1292 2826 alium
1306 2769 1440 2841 ejusdem
1455 2770 1629 2826 monasterii
1641 2771 1826 2827 nominando
1842 2788 1897 2844 pa·

1069 2868 1199 2918 tronum.
1216 2860 1271 2917 Sed
1286 2865 1316 2916 et
1327 2859 1391 2930 ipse
1402 2857 1493 2915 abbas
1508 2859 1610 2930 aliqua
1624 2864 1727 2915 contra
1739 2865 1767 2915 te
1782 2875 1819 2916 ac
1833 2859 1898 2916 lra-

1069 2955 1129 3005 tres
1144 2954 1210 3004 tuos
1221 2965 1252 3004 se
1262 2946 1510 3003 dicebathabere.
1522 2947 1664 3016 landem,
1681 2963 1748 3004 cnm
1763 2947 1800 3004 ad
1811 2965 1899 3004 com-

1069 3039 1247 3112 positionem
1267 3053 1320 3110 per
1339 3036 1477 3092 eumdem
1490 3038 1740 3109 predecessorem
1756 3043 1896 3094 nostrum

1068 3127 1174 3184 moniti
1187 3125 1329 3192 fuissetis,
1346 3124 1435 3196 elegit
1457 3125 1521 3196 ipse
1544 3123 1636 3182 abbas
1659 3125 1839 3197 potiusque
1855 3126 1896 3182 ad

189 3222 234 3277 ria
245 3226 314 3276 sunt
329 3219 365 3276 ad
381 3219 579 3293 indagandam
595 3217 714 3290 plenius
727 3218 880 3274 veritatem
896 3231 949 3287 per
962 3213 1012 3269 lit·
1026 3211 1051 3278 G
1065 3233 1168 3288 pacem
1182 3219 1267 3271 erant
1276 3229 1366 3286 quam
1379 3213 1593 3286 disceptatione
1606 3212 1786 3270 contendere
1802 3220 1832 3270 et
1841 3231 1895 3270 co-

190 3317 268 3366 teras
282 3316 393 3366 vestras
408 3310 594 3366 sullicienter
608 3307 757 3374 instructi,
773 3305 844 3377 quid
860 3304 948 3360 statui
960 3304 1013 3359 de·
1064 3321 1129 3361 ram
1144 3321 1177 3360 eo
1193 3303 1311 3376 publice
1326 3303 1495 3375 recognovit
1515 3302 1723 3374 praescriptum
1738 3309 1894 3359 monaste-

186 3399 255 3455 beat
267 3398 374 3454 melius
387 3397 553 3470 intelligere
564 3395 722 3452 valeamus.
738 3393 902 3451 Revocandi
913 3399 1011 3448 autem
1063 3394 1141 3450 rium
1156 3391 1387 3464 Compostellan.
1410 3391 1579 3448 dimossario
1604 3391 1695 3447 simul
1706 3396 1737 3448 et
1748 3391 1895 3447 territorii

187 3505 238 3544 eos
259 3493 288 3543 et
315 3486 512 3544 convincendi
541 3485 705 3542 secundum
735 3485 899 3556 Scripturas
923 3499 1013 3554 snper
1060 3483 1129 3556 jure
1145 3481 1331 3552 subjectum:
1348 3485 1450 3552 utpote
1461 3479 1539 3550 quod
1555 3495 1616 3535 non
1627 3479 1725 3536 solum
1740 3479 1772 3534 in
1787 3496 1898 3536 coeme·

1065 3571 1150 3637 terio,
1166 3569 1368 3626 verumetiam
1381 3568 1412 3622 in
1425 3567 1589 3640 perietibus
1599 3569 1779 3640 praescriptas
1795 3569 1894 3624 eccle·

187 3577 234 3633 bis
250 3593 315 3648 qum
340 3574 592 3650 reprehensibilia
607 3574 822 3638 denotavimus,
837 3572 914 3628 viam
929 3571 1012 3626 vobis

185 3665 302 3734 litteris,
314 3681 389 3736 quas
397 3663 665 3722 communiterillis
673 3663 838 3736 dirigimus,
849 3661 1009 3732 aperimus.

221 3756 326 3810 llatum
342 3754 488 3822 Laterani,
504 3770 532 3808 ιιι
545 3752 616 3808 ldus
629 3751 708 3808 iulii.

540 3859 656 3915 CXLlll.

186 3965 410 4015 ancarsrrscoro,
438 3964 555 4017 oncino,
575 3964 608 4004 ar
631 3964 764 4004 carnaco
789 3961 1008 4002 corrosrennln.

344 4038 522 4096 Concordiam
538 4037 686 4108 quomdam
702 4040 854 4106 confirmat.

450 4136 578 4203 (Datum,
594 4132 747 4206 utsupra.)

220 4235 260 4290 Ea
274 4249 341 4306 quta
356 4231 516 4289 concordia
528 4229 707 4304 veljudioio,
719 4235 787 4296 ete,
803 4229 936 4300 usquead
950 4245 1009 4284 ver·

185 4324 249 4380 bum
271 4339 407 4391 assensu,
434 4320 472 4376 ad
495 4318 649 4394 exemplar
673 4318 768 4376 felicis
796 4317 1010 4374 recordationis

185 4430 345 4486 Alexandri
360 4446 443 4502 papoe
460 4426 689 4502 predecessoris
711 4425 804 4482 nostri
820 4424 1010 4482 concordiam

185 4535 250 4590 quas
266 4520 344 4574 inter
358 4535 408 4574 vos
419 4523 448 4575 et
463 4520 516 4573 Vn.
533 4516 736 4574 vicecomitem
745 4521 775 4572 et
785 4517 815 4572 G.
833 4515 929 4570 ulium
944 4515 1009 4587 ejus

184 4607 348 4664 vercellen.
362 4607 450 4675 cives,
464 4623 554 4678 super
569 4605 708 4678 hospitali
725 4610 753 4660 et
767 4603 893 4660 ecclesia
908 4603 1006 4659 Sancti

183 4696 284 4753 iacobi
299 4695 335 4751 de
351 4696 484 4760 Cassiae,
499 4694 650 4750 mediante
662 4693 922 4750 venerabililratre
937 4709 1007 4748 uos-

184 4793 229 4844 tro
250 4783 409 4840 Taurinen.
442 4784 580 4856 episcopo
597 4788 627 4838 et
641 4782 750 4839 dilecto
765 4783 827 4838 lilio
842 4783 930 4838 llaril.
948 4783 1008 4836 lle-

182 4875 295 4932 diolan.
311 4873 450 4930 Ecclesios
462 4873 606 4928 canonico
626 4871 705 4929 lacta
722 4871 916 4946 dignoscitur,
932 4872 1010 4928 sicut

182 4965 219 5021 de
232 4962 419 5037 beneplacito
431 4961 585 5033 utriusque
597 4961 689 5033 partis
704 4961 835 5018 stabilita
847 4965 893 5016 est
903 4966 930 5016 et
947 4966 1007 5028 tuo,

181 5055 275 5111 irater
288 5050 521 5122 archiepiscope,
533 5048 733 5122 subsequente
744 5065 868 5106 assensu
879 5050 1007 5118 firmata,

182 5149 213 5200 et
225 5139 373 5198 hincinde
385 5143 522 5210 suscepta
535 5143 565 5194 et
579 5138 724 5194 hactenus
734 5137 898 5204 observata,
910 5143 1009 5193 auoto-

182 5233 271 5289 ritatc
286 5229 369 5284 vobis
385 5225 548 5300 apostolica
570 5226 784 5282 confirmamus
800 5231 830 5281 et
852 5226 1008 5296 praesentis

182 5319 285 5391 scripti
300 5315 407 5389 pagina
434 5313 664 5370 communimus.
687 5312 856 5368 statuentes
872 5316 914 5380 ut,
931 5311 1009 5367 siout

182 5407 213 5462 in
228 5405 399 5461 authentico
416 5402 526 5474 scripto
541 5401 635 5473 ipsius
646 5399 856 5456 transactionis
867 5399 1004 5469 habetur,

182 5499 249 5566 post
263 5493 419 5549 decessum
443 5490 575 5563 praedicti
600 5491 632 5548 G.
655 5495 685 5545 et
697 5489 797 5545 iacobi
812 5486 911 5544 iratri's
930 5489 1006 5561 ejus,

227 5579 301 5635 'lum
321 5581 371 5650 jus
384 5581 445 5636 sire
469 5578 653 5636 fundationis
669 5595 721 5634 seu
745 5577 946 5634 advocationis
958 5583 1009 5634 aut

262 5665 1008 5740 *libstalteriusreiquisquamdecongnationeeo·

1065 3659 1115 3714 siae
1131 3658 1264 3714 noscitur
1278 3673 1344 3712 esse
1355 3660 1553 3724 contractum,
1570 3663 1603 3712 ut
1614 3673 1668 3729 per
1681 3656 1839 3714 ecclesiam
1855 3659 1896 3714 ad

1064 3746 1896 3819 monasteriumtransitussinealiquointerstitiohabea·

1065 3845 1123 3907 tur,
1139 3843 1169 3893 et
1179 3843 1210 3892 tu
1223 3836 1367 3892 etlratres
1379 3836 1422 3891 tui
1439 3836 1471 3892 in
1482 3837 1723 3908 processionibus
1734 3837 1771 3893 ad
1782 3853 1895 3894 coeme-

1064 3927 1172 3983 terium
1201 3925 1421 3999 pertinentibus
1448 3941 1502 3997 per
1530 3925 1691 3982 claustrum
1717 3928 1893 3982 monasterii

1064 4015 1233 4072 transeatis.
1249 4015 1451 4087 Interrogatus
1467 4019 1565 4070 autem
1581 4013 1674 4070 abbas
1689 4015 1847 4087 respondit
1861 4017 1894 4071 in

1064 4104 1129 4160 solo
1148 4103 1280 4159 ecclesia
1305 4102 1575 4174 compostellanen.
1591 4102 1748 4159 laudatum
1764 4120 1895 4175 eamque

1063 4193 1159 4249 solam
1170 4193 1221 4264 jus
1237 4192 1268 4246 in
1281 4207 1316 4246 eo
1327 4195 1500 4262 patronatus
1515 4189 1638 4248 habere.
1655 4193 1695 4248 Nc
1711 4191 1801 4266 igitur
1812 4192 1894 4264 quod

1064 4281 1161 4338 eidem
1174 4280 1342 4336 Alexandro
1357 4279 1393 4336 de
1408 4279 1597 4336 confessione
1608 4279 1723 4337 abbatis
1734 4280 1766 4336 in
1775 4281 1894 4353 judicio

1062 4372 1141 4428 lacta
1164 4369 1304 4436 innotuit,
1327 4368 1453 4425 ulterius
1474 4369 1506 4425 in
1531 4369 1667 4426 recidive
1689 4371 1895 4428 contentionis

1064 4458 1236 4530 scrupulum
1248 4455 1418 4523 reducatur,
1429 4455 1508 4512 idem
1518 4457 1744 4526 monasterium,
1755 4458 1894 4514 sicutah·

1064 4547 1118 4604 bas
1140 4545 1318 4618 recognovit,
1335 4544 1372 4602 ad
1393 4545 1545 4617 exemplar
1568 4545 1703 4618 ejusdem
1726 4547 1896 4619 predeces-

1066 4638 1142 4695 soris
1157 4635 1252 4692 nostri
1262 4636 1451 4692 decernimus
1464 4635 1603 4692 Ecclesiae
1615 4642 1672 4692 tue
1681 4636 1851 4692 dicecesano
1864 4645 1896 4694 et

1063 4725 1205 4784 territorii
1220 4740 1254 4780 ac
1272 4729 1446 4796 patronatus
1463 4726 1533 4797 jure
1556 4731 1699 4798 perpetuo
1723 4724 1893 4798 subjacere,

1063 4815 1221 4888 ipsumque
1237 4814 1290 4869 tibi
1320 4821 1349 4869 et
1362 4813 1501 4870 Ecclesiae
1526 4821 1583 4870 tuas
1609 4815 1787 4872 auctoritate
1802 4831 1893 4888 apos-

1063 4903 1154 4960 tolica
1173 4903 1374 4960 cofirmamns.
1391 4902 1468 4959 Nulli
1485 4919 1565 4976 ergo,
1585 4909 1642 4960 etc.
1668 4904 1893 4962 constitutionis

1063 4997 1095 5049 et
1109 4991 1356 5059 confirmationis,
1373 4997 1430 5047 etc.

1421 5098 1523 5156 CXLV.

1189 5203 1274 5244 rerno
1296 5203 1515 5244 corrosmnaru.
1541 5203 1764 5244 incarsriscoro.

1130 5279 1164 5332 Ut
1179 5279 1293 5332 rivaticos
1307 5279 1482 5346 Legionervscs
1496 5283 1559 5332 rota
1570 5277 1726 5348 persoluere
1739 5283 1829 5346 cogat.

1293 5374 1452 5442 (Laterani,
1464 5391 1492 5430 ιιι
1508 5373 1551 5429 Id.
1567 5374 1660 5448 tulii.)

1099 5491 1172 5545 Cum
1192 5489 1231 5545 sit
1245 5488 1347 5562 regula
1352 5490 1442 5563 juris,
1456 5505 1515 5562 qua
1530 5488 1639 5546 dicitur
1651 5496 1684 5546 ut
1695 5493 1779 5546 actor
1793 5489 1892 5546 lorum

1063 5580 1107 5637 rei
1119 5583 1270 5651 sequatur,
1287 5595 1390 5652 preces
1406 5596 1441 5635 ex
1456 5583 1539 5651 parte
1554 5584 1606 5635 tna
1620 5579 1707 5636 nobis
1729 5593 1821 5652 snper
1835 5579 1893 5636 boc

1064 5666 1227 5725 obtinendo
1235 5675 1387 5741 porrectas
1395 5669 1525 5726 libenter
1532 5668 1718 5729 admittimus
1731 5668 1812 5742 quod
1827 5673 1890 5726 tam
