3974 6078
39 49 43 140 l

38 167 50 246 ,.

37 297 39 304 κ
128 261 202 317 tuor
643 263 898 322 postulandus
916 261 1013 320 ANNO
1033 266 1066 334 V,
1086 266 1225 323 CHRISTI
1249 269 1327 322 1202.
1768 273 1837 332 toto

125 388 309 445 electionem
319 389 413 446 vocati
424 389 461 459 (si
473 395 573 446 tamen
585 389 650 446 sine
661 390 794 464 periculo
805 390 957 464 potuerint
969 393 1000 460 Α
1013 390 1085 447 dum
1100 409 1136 448 ea
1150 409 1215 464 quae
1225 393 1312 449 nobis
1322 393 1382 450 tuis
1396 393 1503 450 litteris
1518 394 1674 465 intimasti,
1690 397 1743 454 tibi
1759 416 1837 472 prm-

127 475 959 550 convocari)sireuequirerintsirenoluerint‚adelectio·
1014 481 1123 553 scripto
1137 483 1225 538 modo
1239 482 1376 539 duximus
1391 482 1617 540 rescribendum
1632 503 1639 552 ;
1656 485 1789 554 sed‚cum
1805 494 1837 545 tu

127 582 201 621 nem
217 566 428 625 celebrandam
442 568 594 637 accedere,
606 569 738 642 ipsorum
753 569 957 626 absentiaele·
1012 569 1049 626 de
1064 572 1297 630 circumstantiis
1312 573 1448 646 ejusdem
1470 575 1580 647 negotii
1605 575 1713 633 habere
1739 579 1836 636 valeas

126 655 261 711 ctionem
268 673 328 713 non
335 657 610 730 potuitimpedirm]
622 659 764 730 quoniam
775 659 799 715 si
811 657 847 714 ad
858 657 957 714 locum
1011 660 1148 717 notitiam
1162 661 1338 734 pleniorem,
1353 667 1382 718 et
1396 680 1450 718 nos
1463 663 1499 719 de
1514 662 1692 720 discretione
1708 672 1758 722 tua
1772 669 1836 739 plu·

126 743 215 800 illum
231 745 310 801 inter
324 745 535 803 ilibernienses
549 763 652 803 secure
667 765 728 804 non
739 752 956 820 poterantpro·
1011 749 1120 805 rimum
1134 751 1320 808 conssdamus
1340 751 1371 807 in
1386 751 1442 807 isto
1458 757 1488 808 et
1501 751 1568 808 aliis
1584 755 1721 827 negotiis,
1738 761 1765 812 te
1793 758 1836 812 sic

125 833 233 903 ficisci,
258 851 313 892 nec
329 836 429 892 coateri
445 836 483 892 ad
498 836 590 894 ulium
606 837 705 893 locum
721 837 801 892 inter
816 836 956 909 nngticos
1010 839 1160 895 credimus
1175 848 1294 897 auctore
1305 842 1432 897 Domino
1447 857 1666 913 processurum,
1683 843 1761 916 quod
1777 850 1834 900 tuae

124 927 190 978 tute
205 928 343 996 poterant
357 925 515 982 convenire
528 943 535 994 ;
552 931 673 998 propter
691 925 772 999 quod
788 926 841 982 tibi
867 941 957 998 super
1010 928 1219 986 sollicitudinis
1230 931 1502 1003 prudentiamerito
1513 932 1623 1005 poterit
1631 933 1835 991 commendari

123 1011 956 1089 hoccredimusveritatemdiligentiusinquirendam,et
1010 1023 1039 1072 et
1054 1021 1104 1075 tua
1118 1019 1226 1093 legatio
1251 1020 1289 1076 ad
1314 1021 1458 1076 honorem
1487 1027 1517 1077 et
1540 1023 1731 1079 commodum
1753 1023 1833 1081 sedis

125 1100 152 1158 si
168 1118 219 1158 eos
242 1107 360 1160 vocatos
384 1103 477 1160 luisse
500 1105 679 1172 constiterit,
695 1105 720 1160 si
733 1104 827 1161 vocati
842 1104 954 1176 absque
1009 1107 1178 1179 apostolicae
1193 1109 1399 1182 multipliciter
1413 1109 1602 1169 redundabit.
1610 1113 1770 1184 Postquam
1781 1129 1834 1170 au·

122 1191 259 1263 periculo
281 1197 453 1266 potuerunt,
478 1199 508 1250 et
522 1192 589 1249 illos
605 1193 748 1262 noluisse,
763 1194 810 1250 rel
824 1209 885 1249 nou
900 1210 952 1264 po·
1009 1201 1066 1252 tem
1080 1197 1186 1254 littere
1193 1198 1392 1270 jamerantin
1403 1205 1484 1269 nota,
1499 1199 1607 1272 quibus
1615 1200 1763 1258 devotioni
1775 1207 1832 1258 tuas

124 1279 218 1338 tuisse
233 1281 270 1338 ad
288 1282 465 1340 electionem
480 1283 689 1340 celebrandam
704 1283 814 1352 venire,
830 1287 952 1356 propter
1007 1287 1179 1359 prescripto
1190 1287 1278 1343 modo
1289 1288 1428 1345 duximus
1437 1290 1833 1364 respondendumauperve·

124 1386 230 1427 eorum
241 1371 417 1440 absentiam,
429 1374 452 1429 si
464 1372 641 1430 canonicum
652 1372 732 1428 aliud
749 1389 810 1428 non
826 1372 949 1440 obstitit,
1007 1380 1117 1430 nerunt
1131 1376 1228 1432 nuntii
1245 1377 1376 1434 ecclesiae
1392 1379 1715 1448 Armachanm,litteras
1730 1381 1832 1436 sotira·

125 1460 231 1516 electio
243 1460 673 1535 ipsanondehetaliquatenus
684 1462 804 1518 irritari.
817 1461 912 1534 [Quod
927 1462 952 1518 si
1006 1479 1178 1534 ganearum,
1196 1471 1225 1520 et
1238 1467 1360 1538 capituli
1376 1467 1511 1539 ejusdem
1523 1468 1666 1537 ecclesia,
1683 1485 1716 1526 ac
1732 1469 1829 1539 electi,

125 1565 177 1604 eos
193 1554 310 1604 vocatos
321 1565 381 1606 non
390 1550 482 1608 fuisse
494 1551 670 1615 constiterit,
687 1551 739 1606 sed
753 1555 951 1622 contemptos,
1007 1556 1036 1605 et
1046 1552 1139 1623 ipsius
1149 1559 1233 1609 terrae
1241 1555 1412 1626 principum
1424 1556 1716 1629 deserentes,quibus
1726 1575 1831 1614 omnes

124 1638 306 1694 infirmanda
315 1639 498 1710 eritpeuitus
508 1639 613 1696 electio
623 1637 951 1707 talitercelebrata,nisi
1005 1641 1178 1712 pradictam
1193 1642 1370 1700 electionem
1382 1645 1561 1702 celebratam
1572 1646 1663 1702 luisse
1679 1647 1831 1704 concordi·

123 1733 228 1798 postea
248 1734 370 1800 propter
394 1729 507 1784 bonum
529 1729 610 1801 pacis
632 1729 790 1802 diligenter
803 1726 949 1784 admoniti
1006 1734 1051 1786 ter
1066 1735 1095 1786 et
1108 1732 1250 1788 canonice
1262 1733 1456 1802 asserebant3
1482 1739 1510 1790 et
1531 1733 1601 1791 licet
1614 1735 1645 1791 in
1660 1736 1831 1792 narratione

121 1815 291 1872 curaverint
300 1816 492 1890 consentire]
505 1817 906 1888 Caeterum‚cum,antequom
918 1822 949 1871 tu
1004 1817 1075 1874 lacti
1090 1837 1107 1876 a
1122 1821 1180 1876 tuis
1196 1821 1303 1876 litteris
1324 1822 1448 1877 minime
1463 1821 1678 1892 discordarent,
1694 1841 1830 1897 supereo

121 1904 160 1959 ad
175 1909 274 1976 partes
289 1905 462 1964 hibernicas
473 1906 725 1979 pervenisses,illa
739 1905 829 1962 luerit
843 1905 948 1962 electio
1003 1912 1103 1964 tamon
1118 1909 1198 1981 quod
1213 1910 1244 1964 in
1265 1909 1312 1966 die
1326 1911 1559 1967 consecrationis
1576 1929 1636 1968 suae
1650 1919 1719 1969 ante
1734 1914 1830 1986 impe·

119 1992 436 2060 celebrata,etelectus
446 1995 510 2068 ipse
522 1998 621 2053 statim
632 1995 756 2068 conperit
766 1995 947 2064 ministrare,
1003 1997 1162 2054 trationem
1178 1998 1262 2070 pallii
1277 1998 1416 2070 praelatus
1431 2000 1543 2056 electus
1563 2001 1734 2074 acolythum
1749 2003 1830 2058 ordi-
1860 2059 1864 2072 ζ

121 2089 154 2140 tu
167 2087 239 2142 satis
254 2086 284 2142 id
299 2092 384 2159 potes
399 2087 454 2143 suh
469 2087 709 2144 dissimulatione
725 2087 863 2155 transire,
880 2102 950 2142 cum
1002 2103 1075 2144 nare
1090 2089 1289 2160 praesumpsit,
1306 2087 1420 2144 anobis
1430 2088 1665 2146 misericordiam
1676 2091 1831 2146 humiliter

119 2175 163 2244 id,
180 2175 257 2232 sicut
270 2177 361 2246 nosti,
377 2177 413 2232 da
429 2177 667 2250 metropolitanis
681 2177 806 2250 Angliar,
818 2175 948 2232 Francia
1001 2176 1203 2249 postulabant,
1221 2176 1353 2232 dicentes
1369 2177 1400 2232 id
1415 2193 1475 2233 non
1492 2194 1526 2234 ex
1541 2183 1713 2251 contemptu
1728 2178 1828 2250 aliquo

119 2264 947 2339 Alamanniae‚etaliarumpartiumrernotarum‚quicon-
1002 2265 1194 2336 processisse,
1210 2263 1261 2320 sed
1273 2281 1308 2320 ex
1318 2266 1442 2337 antiqua
1455 2267 1670 2323 consuetudine
1684 2268 1829 2324 hactenus

122 2353 252 2410 corditer
266 2360 335 2411 sunt
348 2354 445 2422 electi,
462 2358 596 2412 Romana
605 2355 738 2412 Ecclesia
752 2355 948 2426 patiatur,Ec-
1002 2355 1033 2410 in
1046 2355 1234 2410 Armachana
1249 2354 1381 2410 Ecclesia
1395 2354 1646 2421 observataouod
1658 2357 1697 2412 sit
1711 2356 1830 2412 electio·

119 2443 280 2499 etesiarum
295 2443 423 2500 utilitate
438 2449 580 2516 pensata,
597 2444 705 2516 quiesi
720 2449 802 2500 tanto
813 2449 947 2515 tempore
1002 2461 1071 2499 uem
1082 2443 1265 2516 pradictum,
1278 2443 1414 2516 exigente
1428 2443 1504 2500 forte
1515 2443 1643 2516 justitia,
1655 2444 1774 2500 duxeris
1789 2445 1828 2503 lr-

119 2548 276 2605 quousque
284 2533 502 2605 possetelectus
509 2533 767 2590 ocnssrmationem
778 2549 845 2588 cum
856 2531 947 2604 pallio
1001 2533 1160 2601 sitandam,
1175 2532 1359 2588 consulimus
1375 2537 1405 2588 et
1417 2549 1584 2600 monemus,
1597 2539 1640 2600 ut,
1657 2533 1756 2590 silleri
1771 2550 1828 2590 un·

118 2637 136 2677 a
153 2621 225 2677 Sede
240 2621 403 2694 apostolica
418 2621 566 2691 obtinere,
589 2621 700 2695 regalia
716 2638 776 2679 uon
791 2621 946 2694 reciperet,
1002 2639 1092 2696 quam
1103 2628 1213 2695 posset,
1225 2621 1261 2678 de
1269 2622 1370 2694 aliquo
1382 2623 1443 2679 viro
1456 2623 1578 2694 provido
1588 2629 1619 2679 et
1628 2623 1764 2692 honesto,
1775 2623 1827 2694 qui

117 2710 252 2768 Ecclesia
266 2727 331 2782 quas
348 2711 469 2768 interim
489 2711 729 2767 administratore
744 2715 869 2778 careret,
886 2726 947 2766 non
1001 2729 1063 2768 non
1087 2718 1166 2768 esset
1188 2711 1361 2768 llibernicus
1386 2712 1432 2767 vel
1454 2712 1606 2785 anglicus,
1622 2729 1675 2784 pro
1690 2712 1826 2768 evitando

117 2800 269 2857 modicum
294 2800 462 2856 incurreret
482 2801 705 2856 detrimentum.
721 2800 826 2872 {Super
842 2815 875 2854 eo
894 2816 946 2856 au·
1002 2801 1360 2868 scandato‚trmoohonae
1371 2801 1511 2858 Ecclesiae
1521 2801 1701 2874 provideres.
1718 2801 1786 2867 Sed,
1802 2800 1826 2856 si
1868 2865 1870 2872 Ι

118 2895 189 2958 tem,
214 2888 293 2961 quod
322 2889 353 2945 iu
382 2889 429 2944 die
458 2889 693 2946 consecrationis
709 2906 769 2946 suaa
786 2895 946 2962 antequam
1001 2891 1065 2947 tleri
1081 2891 1182 2947 forsan
1192 2907 1254 2947 non
1266 2891 1385 2972 poterit,
1398 2890 1487 2946 talem
1500 2890 1556 2963 ipsi
1568 2890 1704 2947 Ecclesia
1715 2889 1826 2962 praefici

117 2977 945 3051 missarumsolemnialinirentur,acolythumordinarit,
1000 2980 1092 3036 iacias
1107 2981 1139 3036 iu
1154 2985 1370 3052 pastorem‚per
1380 2995 1469 3051 quem
1486 2979 1513 3035 ei
1523 2979 1631 3036 melius
1644 2978 1826 3036 consulatur.

116 3084 170 3142 pro
204 3067 256 3124 tali
284 3083 407 3124 excessu
436 3083 505 3123 eum
529 3067 672 3140 corripias
697 3073 726 3123 et
740 3067 875 3140 castiges,
891 3069 946 3123 nisi
1000 3068 1194 3126 cassellensis
1208 3085 1276 3125 vero
1292 3069 1544 3142 archiepiscopus,
1556 3069 1607 3140 qui
1617 3085 1669 3141 pro
1683 3066 1785 3124 multis
1800 3073 1830 3124 et

117 3159 190 3227 sorte
202 3157 250 3213 hoo
267 3173 321 3214 esse
336 3158 370 3213 do
384 3159 500 3228 antiquo
515 3158 706 3214 consuetudine
722 3159 877 3228 cognoveris
893 3159 945 3212 Ec·
960 3129 986 3195 C
1002 3159 1117 3233 magnis
1132 3158 1302 3216 excessibus
1318 3159 1389 3227 suis,
1404 3158 1609 3231 suspensionis
1624 3163 1670 3214 est
1679 3158 1829 3214 sententia

118 3247 205 3302 oiesiae
231 3246 431 3310 armachan&
457 3247 490 3302 de
518 3249 613 3318 quasi
632 3245 683 3301 tihi
699 3248 849 3302 constiterit
874 3246 948 3316 quod
1002 3247 1145 3312 irretitus,
1161 3246 1232 3301 licet
1246 3245 1361 3302 dicatur
1380 3249 1463 3300 tauta
1486 3249 1638 3300 senectute
1664 3244 1827 3309 conlectus,

117 3353 190 3393 nunc
203 3339 308 3407 tactam
323 3346 361 3394 est
372 3344 489 3409 propter
515 3338 719 3408 simplicitatem
747 3344 772 3393 et
800 3338 948 3393 ruditatem
1002 3337 1081 3411 qnod
1096 3338 1133 3394 ad
1145 3353 1201 3393 nos
1216 3337 1315 3393 venire
1331 3352 1391 3391 non
1407 3335 1501 3408 possit
1513 3333 1711 3392 absolutionis
1734 3334 1828 3391 bene-

118 3430 206 3498 pentis
217 3427 306 3494 iilius,
318 3429 423 3498 poteris
433 3427 646 3483 misericorditer
660 3429 792 3482 sustinere
800 3444 811 3490 ;
824 3428 947 3482 dictricte
1001 3428 1101 3484 tioium
1116 3427 1274 3499 petiturus,
1286 3441 1380 3498 usqua
1395 3423 1432 3480 ad
1443 3424 1618 3480 mandatum
1633 3430 1769 3480 nostrum
1785 3423 1826 3479 ei·

120 3521 209 3570 tomen
220 3520 346 3586 reperte
359 3520 453 3571 nostru
466 3515 611 3589 prohibeas
625 3531 659 3570 ne
673 3515 706 3570 de
720 3521 815 3571 catere
837 3515 947 3586 aliquid
1000 3517 1067 3572 dem
1083 3515 1238 3571 sententiaa
1252 3513 1344 3570 iacias
1363 3513 1528 3585 subjacere,
1545 3529 1635 3586 quam
1650 3513 1825 3571 auctoritate

118 3605 206 3660 simile
220 3610 378 3673 attentetur,
394 3604 552 3660 cumsolus
562 3606 713 3661 Romanus
724 3604 867 3677 pontifex,
883 3604 945 3675 qui,
999 3611 1102 3661 nostra
1115 3603 1270 3676 precipias
1284 3601 1496 3658 inviolabiliter
1511 3601 1671 3659 observari.

118 3697 188 3752 sieut
197 3695 447 3768 nosti(3lt'),anta
456 3695 601 3766 hymnum
611 3694 779 3768 angelicum
790 3709 945 3749 consecra·
1035 3695 1090 3749 ilat
1092 3733 1147 3750 .....

119 3788 209 3854 tumet
218 3783 409 3857 postmodum
425 3783 488 3856 ipse
500 3785 658 3840 missarum
671 3783 816 3839 solemnia
829 3783 944 3856 incipit,
1292 3799 1426 3856 Lxxxlv
1445 3797 1529 3872 (320),

118 3873 278 3945 etperilcit
293 3878 494 3940 consecratus,
511 3874 542 3928 iu
558 3872 606 3928 die
628 3872 860 3928 consecrationis
884 3888 945 3928 suar
999 3907 1129 3948 mmo
1158 3905 1289 3946 mm,
1317 3905 1419 3957 coum,
1447 3903 1581 3944 ummo
1606 3905 1773 3948 mmmm
1791 3904 1824 3948 m

116 3961 213 4019 valeat
227 3962 347 4018 ordines
362 3961 523 4018 celebrare.
540 3961 785 4033 Craterirero‚qui
795 3961 945 4033 interepi-
1290 3993 1387 4034 „m
1404 3993 1528 4035 mom&

118 4051 225 4108 stolam
236 4057 266 4108 θῑ
278 4051 469 4124 Elflflsselmm
482 4051 780 4122 ⁰⁰ss⁵⁰0ffl¹1l11f2q¹¹lfl
789 4067 944 4108 ⁰⁰¹¹⁵0⁰W
1001 4073 1034 4126 Ut
1058 4071 1185 4126 aduersus
1216 4067 1408 4124 Morcaatdum
1430 4068 1459 4121 in
1483 4067 1608 4124 Siciliam
1622 4069 1722 4140 absque
1747 4087 1824 4126 mora

118 4141 174 4196 tori
185 4140 395 4199 concelebrant
409 4141 615 4214 principaliter
627 4140 801 4210 celebranti,
816 4157 854 4197 ne
868 4139 927 4196 divi
1306 4141 1506 4210 proficiscatur.

118 4227 204 4285 datur
218 4231 392 4302 mysterium
407 4231 607 4300 unitatis,non
621 4229 812 4287 debeuttunc
823 4227 944 4286 ordines
1169 4227 1313 4302 (Valletri,
1328 4243 1397 4282 xvm
1412 4226 1475 4282 Kal,
1492 4226 1648 4299 Octobris)

118 4317 278 4373 celebrare.
292 4320 450 4387 Praeterea,
463 4335 532 4375 cum
547 4335 608 4375 non
623 4317 712 4374 liceat
721 4317 943 4391 archiepiscopo
1033 4319 1061 4376 Si
1074 4323 1211 4376 naturam
1228 4321 1257 4372 et
1275 4314 1524 4372 consuetudinem
1546 4316 1638 4387 patris
1658 4314 1823 4386 prudenter

118 4407 181 4462 sine
196 4405 286 4478 pallio
296 4423 457 4463 convocare
469 4407 791 4476 concilium‚consscere
801 4407 941 4474 chrisma,
996 4425 1030 4465 ao
1045 4408 1203 4480 diligenter
1216 4404 1363 4472 attendas,
1375 4419 1431 4482 nec
1445 4404 1553 4458 minari
1568 4418 1624 4458 nec
1639 4403 1749 4458 moveri
1763 4403 1820 4460 de·

116 4494 254 4551 dedicare
268 4493 418 4563 basilicas,
435 4495 573 4551 ordinare
589 4495 725 4562 clericos,
740 4499 770 4550 et
785 4495 939 4567 episcopos
955 4493 980 4557 D
996 4497 1090 4566 bebis,
1107 4495 1187 4567 quod
1202 4494 1291 4550 modo
1307 4499 1335 4548 te
1350 4492 1515 4548 mulcemus
1529 4491 1682 4548 blanditiis
1692 4493 1780 4548 modo
1792 4498 1821 4548 te

117 4600 303 4648 consecrare,
320 4584 448 4640 multum
463 4583 594 4655 proiecto
610 4584 764 4656 proesumit
778 4585 839 4656 qui,
855 4591 941 4640 ante·
996 4583 1277 4642 comminationibus
1292 4583 1487 4648 deterremus,
1506 4582 1585 4654 quia,
1597 4582 1683 4654 juxta
1698 4589 1820 4640 senten-

117 4689 205 4745 quam
221 4673 360 4745 impetret
374 4673 510 4745 pallium,
527 4673 651 4730 clericos
667 4673 805 4729 ordinare
821 4673 943 4729 festinat
997 4676 1068 4732 tiam
1083 4673 1260 4740 Salomonis,
1274 4678 1358 4744 pater
1372 4671 1467 4732 tilium
1482 4687 1571 4742 quem
1587 4671 1683 4746 diligit
1696 4674 1820 4746 corripit

117 4780 184 4820 cum
198 4763 228 4819 id
244 4780 304 4820 non
318 4770 461 4836 tanquam
476 4763 604 4836 simplex
620 4765 786 4836 episcopus,
803 4763 855 4820 sed
872 4769 941 4820 tan·
996 4771 1026 4821 et
1041 4767 1118 4820 Deus
1133 4777 1222 4835 quem
1237 4765 1318 4816 amat
1332 4761 1427 4833 arguit
1450 4765 1480 4816 et
1493 4761 1626 4833 castigat.
1644 4762 1724 4818 Scias
1739 4779 1818 4836 ergo,

116 4867 206 4924 quam
216 4852 468 4924 archiepiscopus,
483 4853 581 4909 iacere
591 4852 734 4911 videatur.
750 4852 833 4919 Quod
842 4857 941 4908 autem
996 4855 1039 4912 nti
1054 4852 1238 4916 charissime,
1256 4850 1326 4922 quia
1340 4849 1377 4904 de
1387 4856 1518 4920 paternus
1529 4850 1697 4907 dilectionis
1712 4853 1819 4908 ellectu

115 4941 247 4998 tabulam
262 4946 433 5014 argenteam
443 4942 586 4998 asseritur
598 4941 940 5010 vendidisse,dummodo
994 4943 1140 5018 processit
1154 4939 1232 5013 quod
1245 4955 1350 5010 aspere
1366 4938 1419 4994 tibi
1443 4939 1616 5010 scripsimus
1635 4947 1665 4995 et
1677 4946 1705 4995 te
1730 4956 1820 5012 super

116 5031 272 5088 ecclesiam
293 5032 522 5100 Armachanam,
538 5035 608 5089 siout
621 5035 758 5104 promisit,
774 5033 880 5090 reddat
894 5034 941 5088 in-
995 5030 1172 5106 quibusdam
1183 5028 1317 5084 articulis
1327 5027 1477 5100 arguimus
1492 5029 1683 5084 vehementer
1695 5029 1819 5100 cupien-

114 5121 265 5190 demnem,
277 5121 485 5193 aequaminiter
495 5122 606 5195 poteris
620 5123 852 5195 prateriremum
863 5123 893 5178 id
904 5123 939 5178 de
994 5129 1038 5178 tes
1049 5127 1077 5176 te
1088 5134 1207 5191 semper
1214 5134 1278 5174 esse
1289 5121 1407 5172 cautum
1415 5121 1444 5172 et
1453 5116 1781 5188 providum‚sollicitum
1791 5123 1820 5173 et

115 5209 188 5266 cleri
203 5215 233 5268 et
247 5211 350 5284 populi
365 5213 544 5284 processerit
555 5210 729 5284 voluntate]
744 5214 820 5270 Sane
834 5230 938 5270 secun·
994 5217 1141 5285 paratum,
1153 5215 1186 5264 ut
1199 5207 1236 5264 de
1250 5207 1328 5264 bono
1343 5205 1486 5278 procedas
1501 5205 1532 5259 in
1546 5205 1817 5274 melius,etnomen

151 5378 238 5462 (altr)
255 5381 320 5436 llaec
336 5379 444 5436 desunt
453 5381 498 5463 'iu'
514 5380 671 5452 Decretal,
697 5385 729 5439 ut
753 5381 830 5440 inira
852 5399 938 5440 voces
993 5377 1064 5460 zius..
1081 5379 1138 5433 Nos
1154 5377 1300 5450 integram
1311 5391 1346 5430 ex
1358 5372 1523 5499 apograph.
1536 5373 1675 5430 Vaticano
1689 5380 1719 5430 et
1730 5378 1814 5433 Conti

115 5465 229 5507 cursuro
244 5452 416 5509 charactere
431 5451 589 5508 distinctas.
994 5447 1177 5506 exhibemus.
1193 5449 1263 5514 Qum
1278 5445 1356 5519 apud
1370 5448 1472 5518 Rayna
1486 5443 1514 5500 d.
1526 5449 1555 5500 et
1567 5445 1814 5520 Baluzleguntur,

150 5522 223 5594 (320)
238 5523 351 5592 Relata,
367 5523 420 5579 sed
438 5539 498 5580 non
517 5522 633 5596 integra
647 5523 725 5650 apud
740 5525 937 5608 haynaldum,
992 5521 1042 5577 hic
1053 5521 1139 5578 uncis
1153 5519 1269 5577 inclusa
1283 5523 1362 5576 suut.

116 5608 194 5650 anno
209 5595 289 5664 taut,
303 5596 317 5664 ᾖ
331 5597 357 5654 2.
369 5595 410 5652 lix
425 5593 577 5668 ttaynaldo
592 5601 666 5652 muti
680 5611 728 5652 am
744 5595 837 5654 edrdrt
851 5598 938 5653 Baln-
