3952 6056
187 287 240 344 aas
681 273 1014 336 nvocurvrnmrr.
1034 270 1355 330 aacrsroauuna
1375 271 1398 328 1.
1860 245 1949 327 no

190 413 275 486 byter
289 410 459 466 libertatem
484 405 620 464 ecclesie
634 405 738 461 volens
752 399 919 474 ostendere,
936 398 1015 471 quod
1029 400 1058 468 Α
1073 398 1148 454 alios
1155 397 1436 455 oillcialcsecclesiae
1443 395 1618 454 instituendi
1626 395 1915 470 etofticiandiprae-

193 502 256 574 ipse
274 515 341 555 cum
352 498 469 554 clericis
482 496 544 553 suis
555 495 620 552 sine
632 491 874 551 abbatislicentia
882 489 1022 546 locaverit
1071 488 1146 546 fatas
1157 488 1287 561 capellas
1295 505 1364 544 suas
1376 493 1405 543 et
1415 487 1591 544 instituendi
1598 486 1913 544 clericosetinclusas

195 593 224 645 et
247 587 444 659 dislocaverit,
459 591 489 642 et
508 585 639 659 capellas
659 587 830 640 sanctorum
846 579 904 635 viti
917 583 947 635 et
960 579 1020 633 lda-
1072 579 1104 634 in
1114 577 1227 634 eisdem
1237 577 1438 651 capellis,sine
1448 576 1564 634 abbatis
1575 576 1915 646 licentia,liberamha·

193 677 266 736 ximi
276 676 468 744 ordinaverit,
484 691 641 732 conversas
662 678 692 728 et
702 673 776 728 alias
788 671 818 726 in
829 669 872 726 eis
882 667 1020 741 ponendo
1071 665 1162 722 beant
1176 665 1346 722 facultatem
1359 683 1366 733 ;
1377 665 1538 723 dnmmodo
1549 681 1640 738 super
1650 665 1837 737 praemissos
1848 665 1914 719 ofil-

195 783 338 840 persouas
349 765 467 837 etquod
477 764 647 822 canevarios
658 759 920 820 etaliosolliciales
930 758 961 812 in
973 757 1021 812 ec'-
1073 755 1163 812 ciales
1174 755 1270 812 eidem
1279 755 1379 812 abbati
1394 755 1537 812 correctio
1553 760 1703 828 tanquam
1729 769 1827 825 super
1841 753 1915 826 ipsis

195 856 288 914 clesia
300 871 354 911 sua
368 855 462 910 libere
478 853 609 911 instituit
624 857 653 910 et
668 853 705 909 ab
718 851 845 908 ecclesia
858 845 1022 905 cathedrali
1073 844 1190 901 clericis
1204 845 1336 900 ecclesiae
1347 844 1570 901 SanctiProculi
1576 847 1765 902 reservetur.
1775 843 1914 916 Eligendi

196 943 376 1018 quandoque
389 943 520 1000 chrisma
530 943 687 1016 receperit,
704 939 882 1013 quandoque
892 955 910 994 a
919 953 1022 992 mona·
1074 934 1164 991 etiam
1175 933 1231 990 sibi
1241 932 1348 989 iratres
1359 939 1388 990 et
1399 931 1583 1006 praeficiendi
1593 933 1652 988 sibi
1667 931 1915 1004 archipresbyte-

198 1034 287 1092 sterio
294 1033 457 1100 nominato,
483 1030 720 1105 depositionibus
743 1029 863 1085 testium
892 1025 1023 1100 legitime
1074 1039 1141 1080 rum
1156 1023 1207 1095 qui
1218 1039 1235 1078 a
1242 1022 1386 1094 jamdicto
1398 1022 1506 1078 abbate
1519 1023 1735 1078 investituram
1745 1021 1879 1092 accipiat
1888 1027 1917 1078 et

198 1121 409 1195 comprobavit.
419 1122 604 1193 Verumpars
611 1120 738 1187 abbatis,
754 1123 787 1173 ut
797 1116 1023 1189 responsionem
1075 1113 1172 1169 eidem
1188 1112 1388 1168 obedientiam
1400 1113 1598 1184 repromittat,
1615 1111 1834 1184 praesentandi
1846 1127 1915 1182 quo·

197 1211 640 1284 adversaepartiselideret,quae
649 1204 1024 1264 instrumentumdonatio-
1075 1217 1132 1273 qne
1148 1200 1329 1257 ordinandos
1340 1199 1451 1269 abbati,
1462 1206 1502 1269 et,
1514 1217 1548 1257 eo
1561 1200 1733 1270 mediante,
1747 1200 1915 1256 Veronensi

198 1301 246 1358 nis
257 1299 367 1357 viribus
374 1295 842 1368 careredicebat,illiustemporis
853 1293 1025 1349 aliainstru·
1076 1291 1214 1364 episcopo
1227 1307 1261 1347 ac
1276 1290 1446 1347 celebrandi
1461 1291 1610 1362 baptisma
1624 1290 1759 1362 plenam
1784 1294 1915 1361 potesta-

198 1394 300 1447 mcuta
311 1389 469 1463 produxit,
483 1394 516 1445 ut
529 1404 564 1444 ex
578 1403 681 1443 eorum
697 1384 867 1452 collatione,
884 1399 951 1439 cum
965 1398 1025 1438 non
1076 1385 1136 1437 tem
1150 1395 1200 1436 eos
1215 1379 1324 1436 habere
1338 1397 1504 1436 censemus.
1521 1380 1597 1436 Nulli
1614 1395 1701 1453 ergo,
1719 1384 1781 1435 etc.

200 1478 430 1551 essentpublica
440 1494 531 1534 manu
542 1476 928 1544 coniecta,instrumentum
938 1488 1025 1527 suum
1112 1471 1219 1526 Datum
1231 1470 1332 1527 homae
1344 1469 1423 1542 apud
1436 1469 1464 1526 S.
1480 1472 1613 1538 Petrum,
1627 1485 1680 1526 xm
1697 1469 1769 1525 llal.
1786 1468 1869 1525 tulii.

201 1568 406 1626 authenticum
417 1571 583 1641 appareret,
600 1583 668 1623 cnm
685 1563 861 1637 simplicitas
870 1562 1025 1618 bominum
1394 1577 1582 1634 cchxxlv,

202 1657 510 1730 illiustemporistalia
517 1672 577 1712 non
584 1655 759 1727 requireret.
768 1650 1027 1725 Sedparsadversa
1078 1681 1201 1724 mmo
1220 1682 1319 1722 ΔΜ
1338 1661 1476 1722 mmm
1495 1682 1606 1722 ,qm
1634 1682 1739 1722 omffl
1770 1681 1805 1722 os
1834 1680 1912 1732 cruc,

204 1745 415 1802 etilllldeidlid
424 1743 614 1818 reprobabat.
626 1745 716 1799 POITO
724 1742 923 1798 instrumenta
932 1739 1025 1811 partis
1040 1763 1066 1830 B
1115 1771 1235 1818 Hgsogg
1253 1771 1401 1812 pam-mnus
1419 1772 1473 1812 τη
1492 1771 1686 1813 pffigfflfflus
1708 1771 1790 1819 0031
1803 1771 1912 1811 puruffls

203 1835 344 1902 adversm,
356 1831 1026 1906 quaenotamfalsitatishabereparspropone-
1115 1861 1277 1902 mmm
1295 1862 1377 1902 vm
1400 1861 1540 1903 „01:33315
1558 1863 1587 1902 ,p
1606 1861 1788 1903 mmm

204 1925 256 1981 bat
269 1923 395 1992 abbatis,
409 1923 526 1980 etiamsi
537 1939 605 1979 vcra
615 1925 724 1990 essent,
736 1921 768 1976 in
777 1919 860 1976 nullo
872 1919 929 1974 sibi
938 1934 1025 1990 posse
1079 1936 1116 1992 p,
1131 1936 1235 1991 ordini,
1245 1936 1507 2008 mmmmm
1522 1937 1734 2006 congmagom
1764 1939 1792 1991 ,t
1819 1948 1912 1990 „orma

204 2029 313 2070 nocere
325 2011 452 2080 dicebat,
460 2027 528 2068 cum
539 2012 570 2066 in
581 2010 673 2083 priori
680 2009 794 2082 Judicio
804 2008 932 2065 luissent
943 2007 1027 2063 exhi·
1429 2007 1548 2062 uiuendi.

203 2102 285 2158 bita:
301 2101 352 2158 nbi
367 2106 397 2156 et
417 2101 481 2156 haec
494 2105 524 2155 et
537 2100 596 2156 alia
610 2115 675 2170 quae
691 2101 792 2170 posset
814 2097 944 2169 objicere
957 2113 1026 2168 pars
1257 2096 1354 2168 (Apud
1367 2096 1395 2152 S.
1416 2098 1547 2166 Petrum,
1563 2095 1605 2151 ld.
1621 2095 1733 2168 lunii.)

204 2191 337 2259 adversa,
348 2190 408 2246 sive
424 2188 584 2246 commissa
598 2188 710 2243 luerint
723 2186 768 2242 vel
785 2185 874 2241 etiam
889 2185 1026 2258 allegata,
1117 2184 1910 2258 Piaepostulatiovoluntatiseilectudebetprosequen·

204 2279 431 2338 andiriulterius
441 2295 502 2334 non
510 2275 783 2345 deberent,nelites
792 2273 1027 2331 llerentimmor-
1080 2280 1109 2330 te
1118 2275 1260 2347 compleri
1271 2291 1277 2330 :
1289 2280 1360 2331 utet
1370 2275 1532 2331 devotionis
1543 2275 1705 2332 sinceritas
1720 2273 1913 2332 laudabiliter

204 2370 290 2437 tales,
304 2384 370 2440 quas
383 2371 527 2440 praetextu
549 2365 740 2422 instrumenti
759 2369 827 2437 post
840 2364 950 2436 reperti
967 2380 1028 2420 uon
1063 2364 1226 2421 ‘enitescat
1240 2369 1270 2420 et
1290 2365 1403 2421 utilitas
1429 2364 1578 2437 postulata
1598 2365 1677 2420 vires
1703 2363 1910 2420 indubitanter

204 2459 316 2516 debent
328 2457 480 2514 ullatenus
495 2455 666 2512 instaurari.
687 2455 814 2521 Querela
828 2469 946 2525 quoque
961 2451 1028 2509 falsi
1083 2459 1223 2510 assumat.
1236 2455 1407 2528 llapropter,
1422 2453 1522 2510 dilecti
1533 2454 1564 2511 iu
1576 2455 1707 2510 Domino
1720 2453 1789 2522 ulii,
1799 2459 1910 2519 etc„us·

205 2563 295 2622 quam
305 2546 423 2603 volebat
431 2562 598 2618 proponere
608 2561 677 2617 pars
687 2543 810 2600 adversa
821 2543 923 2617 viginti
933 2557 1030 2598 anuo-
1082 2559 1135 2614 que
1155 2543 1192 2598 cd
1214 2545 1325 2598 uerbum
1350 2544 1511 2600 annuimus
1535 2548 1565 2598 et
1578 2544 1739 2616 preafatam
1756 2541 1909 2600 ecclesiam

207 2653 273 2694 rum
291 2637 420 2708 spatium
435 2651 497 2690 non
512 2634 646 2699 excedit3
663 2638 771 2689 etcum
786 2649 804 2690 a
819 2637 951 2704 tempore
961 2631 1029 2688 latae
1083 2633 1196 2688 Sancte
1204 2633 1311 2704 Osytae,
1323 2633 1353 2687 in
1365 2648 1424 2705 qua
1438 2631 1536 2688 divino
1551 2633 1717 2706 mancipati
1734 2632 1810 2688 estis
1825 2631 1909 2687 obse·

207 2725 363 2784 sententiae
379 2724 574 2797 quadraginta
585 2723 657 2780 anni
670 2727 700 2778 et
716 2721 854 2794 amplius,
867 2737 885 2777 a
897 2725 1029 2792 tempore
1083 2721 1164 2793 quio,
1177 2721 1230 2777 sub
1242 2721 1320 2778 beati
1331 2721 1410 2777 Petri
1421 2727 1449 2777 et
1460 2725 1562 2778 nostra
1577 2723 1768 2794 protectione
1784 2717 1908 2790 suscipi-

208 2830 277 2871 vero
288 2813 351 2869 litis
360 2817 448 2868 motas
459 2812 622 2868 triennium
633 2810 672 2866 sit
683 2810 954 2883 elapsum,querela
962 2811 1030 2866 lalsi
1084 2827 1150 2868 mus
1160 2815 1188 2866 et
1198 2809 1353 2882 presentis
1364 2810 1465 2883 scripti
1477 2811 1629 2884 privilegio
1638 2807 1908 2868 communimusln

210 2920 272 2961 non
283 2906 399 2975 poterat
408 2900 533 2956 ulterius
544 2901 694 2955 intentari.
706 2901 779 2955 Cum
788 2899 1030 2971 itaquehascquae
1084 2900 1188 2972 primis
1202 2899 1349 2972 siquidem
1365 2904 1528 2956 statuentes
1539 2906 1572 2956 ut
1582 2900 1655 2956 ordo
1667 2900 1845 2966 canonicus,
1862 2895 1907 2968 qui

207 2989 442 3066 premisimuset
450 2988 778 3061 similiamultapraelati
784 2987 934 3044 auditores
945 2988 1031 3046 nobis
1084 2977 1248 3045 secundum
1257 2989 1350 3044 Deum
1361 2993 1391 3044 et
1404 2987 1483 3046 beati
1498 2989 1654 3062 Augustini
1668 2989 1807 3064 regulam
1818 2988 1849 3042 in
1864 3001 1908 3040 ea·

207 3085 236 3136 et
245 3076 1028 3150 iratribnsuostrisprudenteretlldeliterretulissent.
1045 3120 1070 3188 C
1086 3077 1153 3134 dem
1165 3077 1290 3133 ecclesia
1303 3078 1456 3134 institutus
1467 3093 1532 3134 esse
1549 3077 1749 3152 dignoscitur,
1762 3073 1909 3150 perpetuis

206 3171 265 3226 Nos
292 3167 510 3224 communicato
538 3166 664 3222 iratrnm
693 3169 863 3221 nostrorum
891 3166 1028 3236 consilio,
1085 3166 1196 3223 ibidem
1207 3166 1910 3239 temporibusinviolabiliterobservetur.Praete·

206 3255 341 3330 quamvis
351 3255 513 3313 iortedicto
528 3255 729 3311 instrumento
744 3254 913 3311 donationis
923 3271 982 3312 non
994 3256 1034 3312 sit
1084 3273 1135 3312 rea
1150 3272 1343 3328 quascunque
1357 3255 1574 3328 possessiones,
1589 3262 1657 3325 etc,
1675 3257 1708 3314 in
1725 3255 1835 3330 quibus
1850 3253 1909 3308 haro

205 3343 1032 3420 plurimuminnitcndumnecconfirmationibusvelpri·
1084 3345 1212 3418 propriis
1222 3343 1858 3416 duximusexprimendavocabulis:Locum
1868 3340 1908 3411 ip·

205 3435 320 3508 vilegiis
329 3451 395 3507 qum
407 3433 443 3490 de
456 3435 520 3506 ipso
531 3449 652 3490 causam
662 3439 692 3490 et
701 3433 845 3508 originem
854 3439 1033 3507 acceperunt
1084 3449 1150 3491 sum
1161 3435 1192 3490 in
1203 3450 1261 3506 quo
1277 3432 1399 3506 prefata
1410 3433 1535 3489 ecclesia
1546 3434 1603 3490 sita
1619 3439 1675 3504 est,
1688 3451 1760 3491 cum
1773 3430 1906 3489 omnibus

207 3522 680 3606 attendentesquodquantumad
690 3523 840 3597 litigantes
851 3524 984 3597 ipsosjus
997 3542 1033 3584 ex
1083 3522 1906 3596 pertinentiissuis;totummanerinmdeChuccumom·

207 3614 356 3671 sententia
365 3613 476 3668 iactum
485 3612 540 3668 luit
550 3617 709 3685 postquam
720 3613 820 3668 iurem
831 3614 949 3670 transiit
950 3613 1032 3686 judi-
1083 3612 1171 3670 nibus
1182 3611 1371 3684 pertinentiis
1381 3612 1458 3680 suis;
1470 3612 1611 3669 ecclesias
1622 3611 1658 3669 dc
1671 3611 1871 3670 Sudministra
1881 3611 1907 3661 et

206 3708 316 3770 catam,
339 3701 455 3758 etiamsi
480 3706 583 3757 contra
601 3702 652 3774 jus
666 3701 823 3775 litigatoris
838 3701 897 3758 lata
916 3701 1030 3772 luisset,
1083 3694 1907 3770 bleilandccumduabushidisterroectblarsico,etdeci·

206 3807 273 3848 cum
285 3797 388 3846 contra
394 3790 445 3862 jus
456 3789 820 3863 constitutionisexpresse
831 3791 956 3846 latanon
967 3792 1032 3848 fue·
1083 3792 1183 3860 miset
1191 3791 1562 3862 omnibuspertinen.suis;
1575 3791 1735 3848 ecclesiam
1744 3791 1782 3846 de
1790 3786 1908 3845 Clache-

208 3881 257 3949 rit,
272 3879 395 3935 veritate
410 3883 560 3952 gestorum
576 3878 764 3934 sermonibus
774 3879 1031 3951 praevalente,quae
1084 3885 1146 3949 ton,
1156 3880 1313 3937 ecclesiam
1323 3879 1358 3936 dc
1370 3880 1524 3949 hoilanda,
1535 3881 1694 3938 ecclesiam
1707 3881 1745 3937 de
1757 3875 1905 3935 nicholes-

208 3966 827 4044 preasumuuturriteperomniacclebrata;
839 3969 1032 4024 statuimuset
1083 3971 1340 4040 touve,ecclesiam
1357 3971 1393 4026 de
1408 3972 1588 4046 huggelleia,
1607 3973 1768 4028 ecclesiam
1783 3967 1819 4024 de
1839 3967 1905 4021 Por·

207 4075 262 4133 per
271 4055 450 4112 sententiam
466 4054 630 4110 diiilnimus
643 4061 676 4111 ut
685 4057 923 4130 archipresbyter
933 4058 1031 4114 Sancti
1084 4059 1336 4128 tham,ecclesiam
1346 4060 1382 4116 de
1394 4060 1746 4130 benham,ecclesiamde
1757 4049 1902 4129 Sopilands

208 4145 337 4214 Proculi,
349 4144 400 4217 qui
411 4161 464 4217 pro
477 4148 611 4216 tempore
624 4144 723 4212 fuerit,
735 4145 910 4202 fidelitatem
922 4152 952 4204 et
961 4146 1030 4203 obe·
1083 4149 1225 4204 ecclesias
1236 4149 1271 4205 de
1285 4148 1433 4219 blieburc,
1448 4149 1589 4207 ecclesias
1604 4151 1642 4207 de
1655 4143 1903 4208 stouvemarchet

210 4234 352 4292 dientiam
364 4238 484 4306 praestet
493 4233 591 4289 abbati
604 4233 702 4290 Sancti
717 4235 854 4290 Zenonis.
866 4237 901 4291 Et
911 4235 980 4307 qnia
994 4236 1046 4293 de·
1084 4239 1240 4294 ecclesiam
1255 4239 1292 4296 de
1305 4240 1473 4297 Neuthouia
1497 4247 1526 4297 et
1540 4242 1696 4300 ecclesiam
1713 4241 1751 4297 de
1766 4235 1905 4306 ilillejau·

210 4325 277 4382 aliis
291 4323 430 4397 capitulis
442 4327 513 4380 tunc
535 4323 737 4380 controversia
758 4341 818 4379 non
842 4324 941 4394 ssebat,
963 4343 1030 4382 cum
1082 4327 1158 4382 verri
1174 4343 1241 4383 cum
1258 4329 1396 4385 omnibus
1412 4329 1599 4387 libertatibus
1616 4337 1645 4388 et
1668 4330 1817 4404 pertinen.
1834 4323 1901 4387 suis,

209 4429 279 4486 pars
293 4413 415 4469 adversa
428 4411 459 4468 in
474 4411 565 4484 priori
575 4411 689 4483 judicio
712 4429 743 4468 se
758 4428 848 4483 super
862 4412 908 4468 bis
932 4413 1031 4469 abbati
1085 4417 1161 4473 sicut
1171 4415 1202 4472 iu
1213 4418 1391 4474 authenticis
1402 4417 1578 4476 donatorum
1589 4426 1619 4476 et
1631 4421 1837 4495 episcoporum
1853 4426 1904 4466 no·

210 4500 359 4558 subditam
386 4517 447 4556 uon
469 4506 600 4572 negaret,
625 4501 814 4556 decernimus
840 4507 873 4556 ut
904 4502 1030 4558 ecclesia
1045 4499 1071 4566 D
1087 4507 1179 4560 scitur
1190 4506 1345 4562 contineri.
1363 4509 1605 4564 Transactionem
1621 4510 1744 4583 insuper
1754 4522 1819 4580 quea
1829 4503 1902 4556 inter

211 4591 309 4646 Sancti
322 4589 439 4646 Proculi
454 4590 634 4645 monasterio
645 4591 742 4646 Sancti
757 4591 882 4645 Zenonis
895 4591 983 4662 pleno
992 4592 1032 4648 sit
1085 4597 1242 4654 ecclesiam
1257 4603 1384 4656 vestram
1398 4606 1427 4656 et
1441 4601 1598 4658 ecclesiam
1614 4603 1712 4659 Sancti
1727 4596 1810 4657 Pauli
1831 4595 1899 4649 Lon·

204 4679 274 4753 jura
289 4679 424 4752 subjecta
436 4684 465 4734 et
476 4684 509 4734 ut
518 4678 757 4751 archipresbyter
766 4685 795 4734 et
805 4679 905 4735 clerici
916 4697 1030 4736 memo·
1085 4675 1899 4760 douiensupereoclesiisdeSudrninistraetdelleilande

209 4767 266 4824 rati
281 4767 442 4840 superbis,
459 4765 573 4821 scilicet
586 4767 783 4837 institutione,
795 4768 987 4826 destitutione
1003 4775 1032 4826 et
1086 4781 1116 4832 et
1130 4775 1166 4831 de
1181 4773 1329 4832 alestorn.
1346 4784 1492 4834 eteorum
1509 4779 1697 4850 pertinentiis
1711 4768 1900 4835 amicabiliter

210 4858 325 4918 caeteris
333 4855 467 4912 articulis
477 4855 660 4925 memoratis,
672 4873 737 4928 qun
747 4873 801 4928 pro
811 4859 992 4914 monasterio
1001 4859 1032 4914 iu
1086 4865 1255 4934 intervenit,
1267 4866 1343 4922 sicut
1354 4867 1418 4923 sine
1428 4867 1571 4939 pravitate
1585 4868 1663 4926 facta
1673 4873 1718 4926 est
1732 4871 1761 4923 et
1773 4863 1808 4920 ab
1824 4861 1898 4915 utra·

207 4947 357 5024 judicium
381 4943 508 5000 deducta
529 4943 661 5013 luerunt,
680 4945 779 5002 abbati
793 4947 890 5002 Sancti
905 4948 1032 5005 Zenonis
1086 4971 1144 5026 que
1160 4959 1242 5026 parte
1257 4961 1377 5027 recepta
1390 4960 1420 5010 et
1438 4957 1582 5012 hactenus
1597 4958 1751 5014 observata
1764 4957 1794 5010 et
1815 4950 1844 5003 in
1856 4945 1898 4997 in-

210 5053 353 5118 tanquam
360 5041 468 5098 subditi
477 5040 598 5112 praelato
605 5042 1033 5117 respondeantuhrismaquo-
1086 5045 1260 5099 strumentis
1271 5043 1377 5100 exinde
1387 5044 1530 5100 coniectis
1543 5047 1720 5115 continetur,
1734 5036 1896 5100 auctoritate

212 5151 269 5208 que
280 5151 297 5190 a
307 5129 487 5188 monasterio
498 5129 595 5185 Sancti
606 5131 732 5186 Zenonis
744 5131 889 5204 recipiant
898 5139 927 5188 et
938 5135 1032 5204 sic,eo
1087 5132 1249 5205 apostolica
1258 5133 1480 5190 confirmamus.
1493 5135 1568 5190 Sane
1583 5135 1731 5192 novalium
1742 5134 1894 5187 vostrorum

211 5223 372 5289 mediante,
388 5219 424 5274 ab
441 5218 567 5274 ecclesia
581 5220 754 5275 Veronensi.
771 5221 879 5276 Verum
899 5221 968 5277 dicti
984 5239 1033 5278 ar·
1086 5240 1152 5294 quac
1174 5223 1302 5294 propriis
1324 5222 1471 5292 manibus,
1497 5229 1554 5281 etc.
1580 5225 1660 5282 Licet
1685 5234 1798 5298 quoque
1821 5207 1893 5266 v⁰bl⁵

210 5309 414 5383 chiprcsbyter
424 5312 454 5364 et
467 5306 568 5362 clerici
583 5307 710 5376 locandi,
725 5307 1032 5380 dislocandi,cmendi,
1087 5314 1212 5370 cleri'cos
1223 5318 1253 5369 et
1263 5314 1364 5383 laicos,
1383 5318 1437 5369 etc.
1452 5313 1649 5373 Prohibemus
1659 5295 1893 5387 insuperutnulli

210 5398 357 5456 vendendi
373 5397 462 5453 etiam
477 5412 526 5452 res
542 5395 674 5452 modicas
696 5397 789 5468 ipsius
804 5398 947 5466 ecclesiae,
971 5416 1033 5458 non
1086 5404 1393 5471 fratrumvestromm,
1405 5409 1473 5471 etc,
1485 5403 1543 5459 nisi
1554 5393 1838 5474 arctiorisrcligionis
1848 5385 1895 5442 ob·

210 5492 310 5545 autem
319 5485 462 5542 maximas
471 5501 603 5556 perquas
611 5484 776 5542 immobilia
784 5491 813 5541 et
821 5495 996 5545 ornamenta
1004 5493 1034 5546 et
1087 5496 1181 5560 tantu,
1194 5495 1249 5547 etc.
1259 5491 1549 5560 Discedentemvero‚
1561 5499 1616 5550 etc.
1628 5496 1699 5550 Cum
1710 5495 1802 5548 autom
1812 5489 1891 5555 gene·

210 5591 279 5632 vasa
294 5589 377 5631 sacra
398 5571 525 5646 intelligi
548 5571 694 5645 volumus,
712 5577 883 5633 canevarios
899 5578 987 5636 etiam
1004 5584 1034 5636 et
1086 5580 1148 5640 rale
1159 5579 1351 5638 interdictum
1359 5586 1446 5638 terrm
1455 5581 1613 5652 lueritetc.
1625 5583 1756 5641 chrisma
1764 5567 1888 5638 semeio
