3952 6062
204 243 256 300 ιιι
699 245 1032 307 muocaurnmrr.
1052 245 1288 306 asoasroanu
1306 247 1373 306 no.
1392 208 1435 307 1.⁸
1862 249 1917 306 vra

200 367 371 428 fraudetur.
394 371 431 429 Ut
450 373 589 430 monachi
611 380 755 447 praterea
775 380 805 433 et
825 374 877 431 alii
897 372 1028 447 religiosi
1042 374 1076 443 Α
1089 373 1231 431 tholicam
1240 374 1320 447 pravi
1331 375 1470 432 nituntur
1479 375 1656 448 interpretes
1668 373 1915 447 depravare;non

204 465 288 518 extra
310 461 441 518 claustra
462 468 614 535 vagantes,
635 465 810 522 auctoritate
826 468 928 520 nostra
941 462 1031 518 redu·
1087 478 1119 518 se
1134 463 1357 522 conformantes
1380 463 1437 538 legi
1454 463 1627 533 divinae,sed
1643 464 1674 520 in
1693 464 1827 522 favorem
1846 481 1915 536 pro·

203 555 309 606 cantur
323 548 361 606 ad
382 550 547 608 claustrum
562 555 592 608 et
615 553 768 625 peculiam
783 553 863 626 quod
878 553 1031 608 inventum
1087 551 1159 624 prise
1170 553 1371 625 perversitatis
1382 552 1550 610 doctrinam
1563 552 1915 626 evangelicamprophe·

201 636 293 694 fuerit
311 639 390 711 apud
405 655 455 696 eos
470 645 608 714 erogetur
626 643 656 698 in
677 643 827 716 stipendia
849 643 1032 716 signatorum
1087 641 1177 698 ticam
1190 647 1219 698 et
1230 641 1423 715 apostolicam
1436 647 1638 714 pervertentes
1649 660 1657 711 ;
1667 643 1708 698 ita
1718 641 1917 698 utnovissimi

201 728 362 800 procedere
389 727 488 785 dixisti
510 729 548 787 de
563 732 691 788 concilio
706 748 767 789 non
783 748 956 806 paucorum.
973 732 1028 786 Vo·
1086 729 1151 786 dies
1176 731 1333 787 videantur
1345 732 1468 800 instare,
1485 731 1649 788 secundum
1664 731 1847 806 apostolum,
1866 732 1916 803 qui

201 814 299 872 lentes
314 815 404 889 igitur
418 817 497 890 quod
513 818 549 876 de
565 819 759 878 subventione
771 826 858 878 terrm
877 818 1031 878 orientalis
1086 818 1118 874 in
1132 819 1302 877 novissimis
1312 821 1417 878 diebus
1427 827 1527 878 mente
1538 821 1712 893 prophetica
1723 821 1796 877 talia
1805 821 1916 894 praevi·

203 905 391 978 incoepimus,
403 914 547 979 quantum
559 909 590 965 in
601 909 688 966 nobis
707 911 807 979 fuerit,
820 910 946 968 Domino
959 925 1032 964 con·
1086 908 1160 966 dens
1174 915 1395 978 ereaturarum
1407 910 1502 967 multa
1515 909 1553 967 de
1567 909 1740 983 hujusmodi
1759 909 1916 983 praedixis-

202 994 329 1050 cedente
346 997 507 1069 compiere,
517 997 688 1055 discretioni
706 1003 812 1056 vestre
829 1016 883 1073 per
894 1016 941 1071 ap.
957 999 1032 1054 scri·
1086 1003 1141 1066 set,
1155 997 1265 1071 adjecit
1287 1015 1294 1054 :
1312 999 1542 1066 Quemadmodum
1557 1005 1648 1056 cutem
1662 1001 1771 1056 tamnes
1786 1005 1811 1055 et
1824 1001 1916 1054 Mom-

204 1088 255 1156 pta
266 1084 598 1158 mandemusquatenus
609 1093 669 1144 tam
681 1089 922 1161 archiepiscopos
932 1093 962 1144 et
971 1087 1032 1159 epi·
1086 1087 1144 1142 brea
1173 1091 1330 1144 coaeterum
1350 1091 1445 1158 Moysi,
1469 1090 1558 1144 itaet
1584 1087 1615 1144 bi
1637 1091 1760 1145 resistent
1775 1090 1893 1144 ueritati
1906 1107 1915 1151 ,·

204 1189 309 1245 scopos
334 1189 424 1244 quam
445 1175 520 1232 alios
544 1177 737 1234 ecclesiarum
761 1178 910 1251 praelatos,
934 1183 969 1233 ut
983 1193 1031 1234 se·
1085 1175 1204 1232 bomine
1221 1180 1456 1248 comprimente,
1470 1177 1667 1248 reprobioirco
1681 1175 1762 1248 timot
1777 1177 1820 1249 (ll
1841 1176 1914 1232 Tim.

202 1261 336 1319 cundum
358 1264 493 1337 proprias
517 1263 674 1324 facultates
700 1273 787 1324 terrae
817 1271 926 1324 sanotae
948 1267 1030 1338 justa
1084 1281 1123 1333 vu,
1138 1265 1176 1336 8).
1189 1265 1309 1322 Utinam
1324 1265 1831 1339 autem,sicutipsesubjunxit,non
1843 1283 1916 1339 pro·

203 1353 401 1409 estimatione
419 1353 603 1424 subveniant,
625 1355 784 1430 diligenter
803 1355 945 1413 inducere
960 1373 1030 1429 pro·
1085 1353 1728 1427 flciantultra,sedinsipientiaeorum,sicut
1739 1354 1915 1424 etillorum,

203 1441 323 1497 curetis.
342 1441 424 1508 Quod
447 1443 472 1499 si
487 1445 608 1500 monitis
627 1447 732 1503 vestris
748 1447 938 1519 acquiescere
953 1445 1029 1503 forte
1084 1442 1137 1499 liat
1150 1442 1472 1500 omnibnsmanifestal
1484 1442 1573 1500 Aliud
1591 1444 1680 1500 etiam
1697 1443 1915 1500 inconveniens

203 1531 365 1599 noluerint,
380 1549 431 1588 ros
455 1532 512 1604 ipsi
534 1551 587 1606 per
600 1535 678 1592 viros
697 1535 822 1592 idoneos
842 1540 873 1590 et
886 1534 1029 1591 discretos
1085 1531 1255 1603 specialiter
1268 1531 1299 1588 in
1310 1531 1417 1589 Sicilia
1430 1531 1684 1605 partibusdicitur
1693 1531 1811 1589 evenire
1824 1550 1832 1601 ;
1844 1548 1914 1588 cum

203 1635 307 1676 eorum
320 1619 435 1676 faciatis
447 1621 580 1680 redditus
585 1623 667 1695 justa
682 1625 878 1681 estimatione
894 1625 1027 1697 pensari;
1084 1618 1115 1675 hi
1126 1619 1449 1694 quiolimexahnegato
1460 1621 1743 1696 gentilitatiserrore
1754 1621 1915 1694 sacribap-

203 1713 234 1765 et
248 1709 306 1764 nisi
329 1710 519 1781 postmodum
542 1713 707 1769 secundum
729 1713 886 1772 facultates
908 1731 976 1770 suas
1000 1719 1030 1770 ot
1083 1708 1303 1766 tismatisunda
1316 1709 1521 1779 renati,lldem
1530 1711 1707 1766 catholicam
1719 1716 1912 1784 receperunt,

204 1798 415 1856 discretionem
438 1806 566 1857 vestram
588 1807 674 1858 terre
698 1803 836 1860 orientali
862 1802 1031 1860 curaverint
1084 1797 1912 1873 nnncubeuntesretroadvomitumredeuntes,pristinis

205 1886 429 1960 subvenire‚per
443 1895 555 1947 vestras
571 1891 657 1948 nobis
670 1892 786 1950 litteras
801 1892 956 1948 intimetis.
974 1893 1029 1948 Vo·
1084 1887 1275 1944 involvuntur
1285 1887 1912 1963 erroribnsetChristianaslidei,quampro·

203 1977 303 2034 fumus
317 1982 417 2035 autem
432 1984 465 2035 nt
488 1996 542 2052 per
564 1980 735 2037 universam
759 1980 890 2037 Siciliam
904 1980 1029 2053 singulis
1083 1977 1154 2033 fessi
1170 1977 1299 2046 fuerant,
1314 1977 1374 2033 imo
1386 1977 1501 2033 Christo
1512 1978 1611 2050 potius
1620 1978 1826 2036 adversantur.
1836 1981 1911 2036 Cum
1963 2031 1964 2044 ,

205 2065 309 2122 diebus
324 2065 355 2122 in
370 2066 463 2123 missa
478 2083 531 2140 pro
544 2067 707 2143 peregrinis
718 2069 812 2126 oratio
827 2069 953 2126 Domino
964 2087 1030 2142 por·
1084 2071 1183 2124 autem
1194 2065 1231 2122 ad
1239 2066 1577 2139 capiendoshnjusmodi
1584 2067 1913 2142 vulpesparvulas,spe·
1963 2105 1964 2112 ι

203 2155 317 2231 rigatur
331 2162 361 2213 et
382 2158 476 2214 semel
498 2159 530 2215 in
554 2159 743 2216 bebdomada
763 2177 817 2232 pro
837 2159 1029 2216 tribulatione
1084 2155 1144 2212 cies
1159 2155 1280 2227 quidem
1291 2155 1435 2213 babentes
1445 2155 1588 2226 diversas,
1604 2156 1656 2212 sed
1668 2155 1776 2214 caudas
1796 2158 1913 2214 adinvi-

205 2246 297 2302 missa
309 2246 429 2318 publice
444 2248 628 2306 decantetur.
640 2251 697 2305 Eos
708 2253 807 2306 autem
818 2249 868 2321 qui
881 2265 913 2306 se
927 2249 1030 2305 visita·
1083 2262 1148 2302 cem
1157 2245 1320 2319 colligatos,
1330 2245 1445 2318 quiade
1457 2246 1586 2302 vanitate
1598 2247 1779 2303 conveniunt
1789 2248 1820 2304 in
1832 2247 1913 2320 idip-

204 2341 288 2392 tnros
300 2334 406 2392 limina
428 2337 507 2394 beati
521 2338 621 2395 iacobi
636 2338 740 2396 devote
754 2339 934 2407 voverunt,si
949 2338 1029 2394 salva
1084 2333 1911 2406 sum,SalomonnosinducatinCantieiscanticorum,ne
1963 2385 1964 2402 ,

202 2423 354 2483 oblatione
368 2426 471 2484 aleris
485 2427 616 2500 reliquas
635 2444 781 2501 expensas
797 2429 827 2484 in
844 2428 1028 2502 signatorum
1083 2425 1173 2480 mutis
1184 2423 1308 2480 canibus
1323 2423 1431 2480 latrare
1444 2440 1505 2479 non
1520 2424 1686 2480 valentibus
1700 2441 1912 2497 comparemur

202 2513 351 2572 voluerint
369 2517 534 2574 subsidium
556 2535 688 2593 erogare,
712 2517 873 2574 dummodo
894 2516 1028 2574 laborem
1082 2517 1134 2568 aut
1143 2512 1364 2568 deformitatem
1379 2512 1472 2568 vineae
1481 2513 1598 2569 Domini
1611 2513 1749 2582 Sabaoth,
1765 2514 1803 2570 ad
1818 2531 1910 2586 quam
1963 2577 1964 2584 ,

201 2603 1028 2679 etiamredimantqnemsustinerentinvia‚auctoritate
1083 2601 1909 2676 etsiinhorafereundecima‚snmnstameninteropera·

201 2696 305 2751 nostra
328 2695 452 2765 suffulti,
477 2695 514 2752 ab
538 2713 572 2753 eo
594 2697 674 2769 qnod
697 2701 836 2754 voverant
857 2695 1026 2753 absolvatis.
1082 2691 1153 2759 rios,
1169 2691 1229 2746 imo
1251 2690 1350 2764 potius
1365 2691 1397 2746 io
1413 2690 1618 2762 operariorum
1630 2691 1800 2765 magisterio
1814 2692 1911 2764 depu-

202 2781 345 2840 Redditus
359 2800 428 2840 vero
451 2783 679 2856 praebendarum
695 2786 875 2853 vacantium,
890 2785 915 2841 si
928 2785 964 2841 de
979 2801 1028 2842 as-
1082 2780 1145 2848 toti,
1161 2779 1311 2852 negligere
1331 2778 1494 2850 videamur,
1520 2779 1566 2836 vel
1591 2780 1644 2836 suh
1668 2779 1909 2837 dissimulatione

201 2888 293 2929 sensu
307 2871 467 2930 dioecesani
476 2874 606 2946 episcopi
618 2879 647 2930 et
655 2873 832 2931 clericorum
842 2873 1028 2930 illiuseccle·
1083 2868 1219 2937 transire,
1245 2867 1424 2924 fraternitati
1452 2873 1510 2924 tuas
1533 2885 1588 2941 per
1610 2868 1773 2943 apostolica
1795 2870 1912 2942 scripta

203 2961 266 3030 aiae,
289 2961 320 3016 iu
343 2977 403 3032 qua
422 2961 583 3035 prebenda
603 2963 757 3033 vacaverit,
783 2964 961 3035 processerit
978 2979 1026 3019 vo·
1080 2956 1911 3030 mandamusatquepraecipimusqnatennsobtimorom

203 3049 329 3119 luntate,
348 3056 383 3106 ut
403 3067 498 3123 usque
522 3050 560 3107 ad
583 3049 739 3108 biennium
762 3055 974 3108 convertantur
995 3051 1026 3107 in
1081 3045 1199 3103 Domini
1212 3050 1241 3102 et
1252 3045 1449 3102 reverentiam
1460 3046 1630 3118 apostolicas
1641 3045 1720 3102 sedis
1730 3052 1836 3102 contra
1846 3046 1912 3104 hae-

203 3137 370 3196 subsidium
385 3144 471 3196 terre
484 3144 604 3208 sancto,
620 3139 708 3198 salvis
722 3139 901 3197 vicariorum
916 3141 1025 3211 stipen·
1041 3116 1067 3180 (i
1080 3137 1199 3204 reticos,
1212 3141 1355 3206 tanquam
1366 3133 1435 3190 fidei
1447 3134 1622 3191 Christianae
1637 3134 1747 3191 zelator
1757 3150 1911 3209 assurgam

202 3227 271 3296 diis,
288 3228 637 3286 aestuemusvolumus
652 3228 888 3286 nihilominuset
901 3229 1023 3285 manda·
1080 3229 1110 3281 et
1129 3224 1153 3279 si
1176 3223 1256 3297 apud
1281 3239 1331 3280 eos
1358 3224 1481 3280 monitis
1503 3223 1638 3280 obtinere
1665 3241 1725 3280 non
1749 3225 1862 3296 poteris
1876 3231 1913 3282 ut

201 3332 269 3374 mus
283 3323 316 3374 ut
330 3318 492 3374 monachos
505 3323 535 3374 et
544 3319 620 3375 alios
634 3318 789 3392 religiosos
805 3321 887 3374 extra
897 3317 1027 3374 claustra
1080 3313 1204 3370 redeant
1219 3312 1257 3368 ad
1270 3311 1409 3370 Ecclesiae
1421 3314 1576 3382 unitatem,
1589 3313 1682 3387 ipsos,
1697 3313 1840 3384 fautores,
1857 3315 1911 3369 rie-

201 3411 340 3480 vagantes
353 3407 391 3463 ad
400 3407 527 3465 fratrum
537 3407 635 3464 redire
645 3407 828 3464 consortium
847 3407 898 3479 qui
914 3423 964 3463 eoa
979 3424 1027 3464 re·
1080 3401 1214 3458 lensores
1230 3407 1259 3457 et
1273 3407 1473 3474 receptatores
1485 3403 1726 3474 eorumpulsatis
1740 3404 1908 3475 campanis,
1964 3409 1965 3424 ¹

203 3496 326 3568 cipiunt,
342 3497 422 3553 salva
436 3497 551 3554 ordinis
574 3497 743 3570 disciplina,
770 3496 893 3570 cogatis,
913 3500 943 3553 et
956 3513 1026 3568 pro·
1082 3489 1215 3548 candelis
1231 3490 1431 3563 accensis,per
1445 3495 1537 3547 totam
1552 3491 1704 3547 dioecesim
1716 3492 1748 3547 in
1764 3508 1823 3563 qua
1837 3491 1907 3548 fue-

201 3585 302 3658 prium
317 3586 397 3659 quod
412 3587 565 3645 inventum
577 3587 667 3644 fuerit
681 3584 977 3658 epudipsos,nisieis
992 3601 1027 3640 ex
1081 3581 1152 3648 rint,
1176 3581 1237 3636 imo
1261 3580 1352 3636 etiam
1377 3596 1430 3653 per
1456 3585 1548 3636 totam
1572 3581 1765 3653 provinciam,
1782 3581 1910 3656 singulis

202 3687 238 3730 ea
250 3679 470 3746 causapropter
482 3691 571 3746 quam
587 3678 723 3746 oporteat
741 3672 817 3730 illud
835 3672 952 3728 restitui
966 3671 1028 3727 for·
1083 3669 1187 3726 diebus
1211 3669 1374 3725 Dominicis
1396 3674 1426 3724 et
1438 3667 1550 3726 festivis
1565 3669 1838 3726 excommunicatos
1854 3687 1909 3742 pn·

202 3777 256 3817 san
270 3764 448 3834 provenerit,
464 3764 496 3818 in
510 3768 597 3819 terre
608 3761 940 3821 orientalissubsidium
956 3777 1028 3817 con-
1081 3759 1158 3816 blice
1176 3759 1307 3816 nuntiari
1329 3758 1420 3816 facias
1435 3762 1465 3814 et
1478 3757 1557 3814 bona
1571 3775 1676 3814 eorum
1691 3775 1709 3816 a
1722 3757 1913 3831 principibus

200 3851 376 3907 vertatis.l)e
391 3851 438 3908 his
454 3852 505 3923 qui
515 3868 622 3908 manus
637 3853 795 3925 injecerint
806 3852 838 3907 in
848 3851 973 3907 clericos
983 3856 1028 3906 te-
1082 3849 1239 3924 publicari.
1255 3849 1299 3904 Ad
1315 3848 1389 3918 hooc,
1405 3848 1477 3920 quia
1490 3849 1625 3904 oblatum
1649 3849 1738 3921 exigit
1753 3847 1833 3920 quod
1852 3864 1914 3904 non

201 3953 284 3994 mere
299 3939 455 4008 violentas,
471 3941 542 4010 quia
555 3941 743 3998 severitatem
756 3940 930 3996 canonicam
940 3939 1028 3996 nolu·
1082 3943 1220 4012 exegerat
1235 3937 1432 4007 offerendum,
1444 3955 1499 3994 nec
1516 3939 1638 4010 impune
1653 3939 1828 3995 conceditur
1842 3940 1912 3995 cui-

203 4042 270 4082 mus
285 4042 437 4096 enervare,
450 4027 524 4084 nihil
541 4026 623 4086 alind
635 4027 716 4085 vobis
733 4027 771 4085 ad
785 4044 918 4100 presens
943 4027 1029 4085 duxi·
1082 4044 1173 4101 quam
1193 4045 1211 4084 a
1234 4027 1293 4084 ilde
1315 4027 1463 4085 catholica
1487 4028 1613 4098 resilire,
1639 4027 1786 4098 volumus,
1811 4033 1841 4084 et
1857 4029 1913 4085 sub

203 4130 270 4172 mus
285 4116 614 4190 concedendomqoam
627 4133 681 4190 per
690 4118 805 4191 priores
816 4117 897 4174 vobis
913 4117 1029 4174 litteras
1083 4117 1187 4174 eadem
1203 4117 1256 4174 tibi
1269 4117 1455 4174 districtione
1471 4117 1649 4174 mandamns
1663 4123 1696 4174 nt
1710 4135 1761 4174 eos
1776 4117 1827 4191 qui
1844 4125 1914 4191 post

127 4251 131 4258 .
204 4205 250 4264 e'st
264 4221 450 4264 concessum.
467 4208 560 4280 Super
574 4207 713 4280 capitulis
728 4211 828 4264 autem
846 4225 899 4280 pro
920 4207 1028 4280 quibus
1083 4213 1254 4280 susceptum
1265 4207 1508 4264 sanctificationis
1517 4207 1667 4264 lavacrum
1676 4207 1774 4264 redire
1784 4208 1823 4265 ad
1833 4209 1911 4265 ritus

202 4296 323 4369 inclytas
338 4297 553 4355 recordationis
568 4298 752 4354 Constancia
772 4297 954 4370 imperatrici
973 4314 1028 4354 nos
1083 4295 1274 4354 Saracenicos
1289 4302 1555 4370 praesumpserunt,
1570 4303 1604 4353 ut
1622 4313 1707 4353 asuo
1722 4303 1914 4354 revertantur

203 4387 334 4442 scribere
351 4387 535 4460 postulastis,
553 4388 618 4460 ipsa
633 4384 751 4444 sublata
764 4387 801 4444 de
814 4387 913 4446 medio
929 4392 1028 4445 votum
1084 4402 1184 4443 errore
1205 4391 1235 4442 et
1257 4385 1435 4443 catholicam
1460 4385 1549 4443 fldem
1572 4386 1740 4455 observent,
1756 4385 1911 4458 frequenti

201 4480 331 4532 vestmm
346 4490 408 4533 non
423 4475 575 4548 potuimus
588 4476 764 4550 adimplere.
1040 4485 1067 4550 D
1083 4491 1118 4534 ac
1133 4473 1269 4549 diligenti
1295 4475 1500 4533 exhortatione
1520 4475 1676 4549 premissa
1690 4481 1719 4530 et
1733 4492 1788 4547 per
1811 4481 1841 4531 te
1866 4477 1913 4550 ip-

239 4565 345 4622 llatum
357 4565 504 4635 Laterani,
521 4565 611 4624 Nonis
625 4567 767 4624 dennuni.
1083 4579 1149 4621 sum
1166 4579 1344 4636 quacunque
1365 4564 1477 4637 poteris
1503 4563 1687 4621 districtione
1702 4563 1867 4638 compellas
1883 4571 1915 4622 et

578 4673 650 4730 mx,
1082 4653 1222 4726 compelli
1236 4651 1328 4710 facias
1343 4670 1397 4726 per
1410 4653 1562 4728 principes
1575 4653 1745 4712 seaculares.

445 4777 623 4818 smansluo
642 4776 783 4819 ariscoro.
1117 4743 1236 4812 Datum,
1251 4749 1282 4798 Μ
1295 4759 1392 4815 supra

296 4851 329 4905 Ut
338 4849 511 4922 pullulantes
526 4850 637 4907 imeres
651 4853 805 4924 reserpere
819 4857 938 4908 conetur.
1468 4851 1526 4906 illi.

469 4957 599 5028 (patum,
614 4962 647 5012 ur
659 4956 766 5030 supra)
1143 4957 1166 4995 s.
1186 4953 1319 4996 comesu.
1339 4955 1551 4996 aacmrrlscoro
1570 4955 1598 4995 v.
1621 4954 1747 4998 oavnuu.
1768 4954 1802 4996 rr
1821 4957 1849 4998 n.

235 5047 380 5118 vergente
388 5043 453 5116 jam
466 5044 496 5100 in
504 5045 622 5102 senium
631 5045 740 5102 seculo
749 5045 776 5101 ei
785 5049 1028 5117 supercrescente
1283 5045 1316 5086 Π
1333 5045 1360 5084 ¹³·
1380 5044 1543 5086 “Wlffl-
1563 5044 1711 5085 srvmorvs.

200 5133 315 5192 matitia
330 5132 575 5207 temporis,friget
587 5134 716 5191 charitas
733 5139 762 5190 et
776 5134 807 5190 in
822 5149 891 5204 agro
902 5149 1029 5207 evange·
1135 5119 1264 5177 Uatiam?
1285 5119 1378 5174 electio
1397 5119 1663 5191 “fliifflf'ffwmm
1680 5119 1853 5189 flammin-

201 5223 251 5280 lici
280 5221 504 5295 patrisfamilias
531 5221 641 5279 zizania
664 5222 815 5294 pullulant
838 5227 867 5278 et
890 5221 1030 5294 polluunt
1420 5212 1446 5264 ⁶²
1462 5206 1568 5280 Spalat-

203 5328 317 5368 messes
330 5311 427 5368 tritico
443 5317 623 5382 rarescente,
638 5327 673 5368 ac
695 5311 798 5384 vulpes
822 5311 951 5383 parvula
962 5312 1027 5385 jam
1268 5296 1427 5368 (Lfliflfflir
1442 5297 1550 5354 ¹¹1ssal·
1565 5297 1722 5366 ianuarii.)

168 5451 177 5470 ,
203 5401 663 5472 inapertopraesnmuntvineam
672 5399 1027 5458 hominidemolirilicoe
1118 5402 1912 5478 Adnostrumnoveritisaudientiampervenissequod

206 5487 315 5544 etenim
330 5490 459 5546 haereses
480 5490 610 5561 antique
633 5489 814 5546 suscitantur
828 5505 863 5546 oc
880 5490 1027 5547 innovatis
1082 5505 1151 5547 cnm
1173 5507 1277 5548 omnes
1302 5492 1557 5549 communicantes
1582 5493 1613 5549 in
1637 5491 1738 5563 aliquo
1764 5493 1798 5548 ll.
1824 5493 1912 5550 fratri

203 5576 362 5647 veteribus,
378 5579 444 5633 novi
463 5577 692 5634 adinveniuntur
706 5595 822 5636 errores
832 5583 862 5638 et
873 5579 963 5638 fldem
977 5597 1027 5637 ca·
1082 5580 1249 5637 charissimi
1265 5581 1296 5637 in
1311 5581 1427 5638 Christo
1442 5581 1498 5638 filii
1513 5583 1606 5639 nostri
1629 5581 1815 5655 Ungarorum
1831 5585 1913 5656 regis
