3952 6070
86 261 142 319 ort
588 251 842 317 tommentis
859 250 957 312 auito
976 251 1009 323 t,
1028 251 1167 312 (tumult
1186 241 1266 312 taor.
1734 251 1787 310 bib
1813 259 1816 268 ’

88 403 220 462 persona
235 387 346 444 idonea
357 384 549 456 celebratam,
561 402 615 459 par
628 399 698 444 enm
707 380 913 440 mandarimus
926 379 1006 449 Aad
1016 380 1126 454 ipsum,
1140 386 1170 437 et
1183 381 1248 457 ipse
1257 385 1478 440 converteretur
1491 379 1527 437 ad
1535 395 1597 449 sos,
1609 379 1792 454 etpropitins

89 475 327 534 oontlrmaudam
338 482 368 532 ct
377 475 504 532 electum
515 476 547 534 in
555 475 726 548 episcopum
737 486 914 531 cousecran·
970 469 1055 527 fleret
1068 471 1197 543 peccatis
1210 472 1316 528 restris
1328 476 1358 526 et
1366 476 1470 528 restra
1478 468 1651 544 dignaretur
1664 469 1792 525 miserim

89 565 172 622 dum.
189 565 271 634 Quod
289 565 315 623 si
334 564 436 622 forsan
451 580 511 621 non
526 563 661 639 poteritis
677 561 847 629 convenire,
863 557 916 616 scd
970 559 1117 617 misereri.
1133 561 1253 632 [Verum
1268 561 1338 634 qnia
1349 575 1405 616 nec
1419 559 1571 629 cismarini
1584 559 1794 614 neoultrama-

88 654 191 728 plures
206 653 351 710 duxeritis
366 653 529 728 eligendos,
545 653 642 710 eidem
652 650 877 724 archiepiscopo
887 660 918 710 ct
971 649 1029 708 riui
1045 650 1200 720 hactenus,
1215 649 1476 720 sioutdcbuerant,
1488 650 1647 707 Dominum
1661 648 1797 722 placaue-

88 743 252 802 reuerabili
267 742 351 800 lratri
369 747 471 800 nostro
491 743 632 817 episcopo
651 739 814 798 Perisienei
829 747 859 795 et
871 738 917 794 di·
971 737 1797 813 runtquusitrustraprmdeoessoresuostrillomanipou·

89 833 168 890 lecto
180 832 241 890 lilio
253 833 424 906 primicerio
437 832 560 890 treuna
576 831 713 890 dedimus
727 831 759 887 in
769 828 918 886 mandatis
971 827 1068 884 titlces
1088 827 1271 898 laborarunt,
1283 829 1394 886 frustra
1407 829 1551 886 laboravit
1566 829 1654 884 etiam
1670 827 1796 901 populus

90 929 135 992 ut,
150 923 233 980 omni
248 923 343 997 gratia
356 928 387 980 et
400 923 507 980 timore
532 921 717 995 postpositis,
740 916 919 976 examinatis
972 917 1170 987 Christianus,
1185 919 1244 975 nisi
1258 921 1359 976 lorsan
1372 918 1575 992 quamplures,
1590 918 1644 974 etsi
1658 917 1795 974 llierusa·

88 1009 919 1088 prudenteretstudiiseligentiurnetmeritiselectorum,
973 1004 1188 1064 lemterrenam
1197 1021 1374 1080 recuperare
1383 1008 1581 1081 nequiverint,
1592 1007 1743 1065 ceclestem
1751 1011 1797 1062 ta·

91 1117 181 1175 quem
195 1101 290 1176 magis
302 1101 407 1159 utilem
420 1100 561 1158 Ecclesia
575 1098 717 1168 viderint,
741 1097 920 1159 electionem
974 1111 1055 1164 men,
1078 1101 1113 1152 ut
1123 1095 1283 1166 oredimus,
1303 1097 1400 1170 puato
1418 1097 1573 1170 [baynald.
1585 1113 1639 1169 per·
1648 1094 1795 1168 primm]

94 1191 200 1264 ipsius,
212 1189 374 1248 dummodo
386 1190 533 1248 canonica
546 1185 839 1262 reperiatur,nullius
849 1201 922 1243 oon·
975 1185 1109 1258 martyrii
1119 1185 1217 1258 adepti
1227 1191 1307 1255 sunt,
1316 1188 1388 1243 Cum
1399 1203 1467 1260 ergo
1480 1202 1534 1242 nos
1544 1186 1797 1259 predecessorum

91 1279 269 1336 tradiotione
292 1278 337 1335 sel
356 1277 557 1352 appellatione
581 1277 730 1346 obstante,
742 1275 923 1334 confirment
975 1281 1146 1332 nostrorum
1168 1275 1299 1348 vestigiis
1317 1276 1509 1342 inherentes,
1525 1275 1660 1333 lldelium
1671 1274 1798 1348 populos

91 1369 271 1426 reducentes
286 1367 317 1424 in
333 1367 463 1437 irritum,
478 1367 503 1424 si
518 1366 591 1440 quid
612 1371 682 1424 aute
702 1363 922 1438 susceptionem
976 1365 1014 1425 ed
1024 1365 1190 1422 subsidium
1205 1369 1291 1422 terreo
1301 1367 1412 1424 sanctus
1422 1367 1594 1423 duxerimus
1605 1379 1801 1422 commonen-

91 1457 287 1534 presentium
294 1457 462 1515 litteramm
471 1457 840 1524 invenerintatteutstum;
849 1453 924 1512 alio·
975 1455 1041 1524 dos,
1056 1455 1171 1528 etjam,
1186 1471 1222 1513 eo
1235 1455 1363 1512 iaciente
1377 1455 1429 1528 qui
1444 1455 1576 1513 actiones
1590 1459 1708 1512 nostras
1720 1453 1801 1526 espi-

92 1548 166 1622 quin
186 1553 312 1622 utraque
338 1546 485 1605 electione
512 1552 639 1616 cassam,
667 1543 923 1620 personamsobis
976 1543 1071 1603 raudo
1083 1543 1643 1619 praevenitetprosequitnradJnvando,
1654 1541 1801 1599 multino-

92 1637 245 1706 idoneam,
261 1637 380 1694 sublato
394 1635 606 1709 appellationis
620 1634 789 1703 obstaculo,
812 1634 844 1690 in
858 1632 924 1706 epi·
977 1633 1054 1692 biles
1067 1639 1096 1690 et
1117 1638 1255 1707 potentes
1269 1635 1305 1690 de
1320 1649 1412 1708 regno
1426 1635 1618 1703 Francorum,
1633 1633 1693 1689 imo
1708 1632 1797 1688 etiam

93 1741 217 1800 scopum
232 1726 383 1801 assignare
397 1731 569 1800 procurent,
582 1730 616 1782 nt
632 1742 684 1782 sos
698 1724 755 1798 ipsi
769 1729 913 1796 munnam
936 1723 1118 1824 Bmultade
1128 1723 1572 1798 dirersispartibusmultitudo,
1584 1723 1800 1796 assumpserint

94 1817 234 1889 episcopo
248 1821 345 1872 vestro
360 1813 492 1872 debitam
506 1814 671 1873 exhibeatis
686 1813 881 1870 reverentiam
891 1817 923 1868 et
977 1815 1093 1888 signum
1105 1815 1212 1882 crucis,
1221 1819 1251 1869 et
1260 1814 1292 1868 in
1302 1812 1528 1870 subventionem
1538 1811 1799 1872 restramviriliter

94 1905 252 1969 honorem,
268 1905 433 1962 monitione
458 1905 625 1977 praemissa,
639 1917 860 1978 percensuram
877 1919 923 1958 ec·
976 1902 1178 1976 accingantur,
1192 1917 1241 1970 ue,
1252 1902 1332 1975 quod
1339 1902 1426 1970 absit,
1435 1893 1533 1960 inanis
1544 1903 1583 1958 sit
1591 1902 1798 1967 laborsorum,

95 1993 506 2067 clesiestioum,appellatione
519 1991 922 2067 postposits‚aompetlentes;
976 1993 1012 2063 si,
1034 1991 1143 2049 zizania
1168 1991 1313 2048 intereos
1328 1991 1585 2064 superseminante
1608 1990 1729 2050 homine
1742 1989 1802 2046 ini-

95 2085 121 2143 si
136 2101 203 2142 sero
219 2101 280 2141 non
290 2099 396 2142 omues
410 2085 458 2141 luis
480 2083 679 2156 exsequendis
701 2082 852 2140 valuerint
873 2085 925 2138 aut
976 2083 1066 2153 mico,
1081 2081 1205 2155 angelus
1219 2081 1271 2154 qni
1284 2078 1321 2136 de
1333 2081 1467 2154 ipsorum
1491 2081 1589 2138 medio
1605 2079 1725 2154 colligat
1738 2095 1804 2136 orn-

95 2174 244 2230 roluers'nt
257 2174 401 2232 interesse
417 2174 566 2232 ueletiam
576 2173 749 2242 convenire,
764 2170 925 2245 pradictus
977 2172 1028 2229 niu
1042 2169 1183 2228 scandala
1196 2186 1257 2227 non
1271 2171 1416 2240 mittetur,
1431 2168 1548 2227 dilectis
1564 2171 1634 2227 ltliie
1649 2169 1759 2226 nostris
1775 2169 1803 2227 S.

96 2263 276 2321 Parisicusls
288 2263 457 2336 episcopus,
472 2278 541 2318 cum
557 2277 660 2319 eorum
675 2262 780 2330 altero,
795 2275 832 2318 oa
845 2258 926 2316 nihi-
978 2261 1057 2320 tituli
1077 2261 1190 2318 saneta
1201 2259 1352 2328 Praxedis,
1368 2265 1399 2315 et
1412 2260 1442 2314 P.
1462 2259 1541 2316 tituli
1556 2258 1654 2316 Sancti
1671 2257 1801 2314 llarcelll

98 2350 229 2410 lominus
242 2357 433 2423 exsequatur.
979 2351 1161 2424 presbyteris
1176 2349 1390 2415 cardinalibus,
1403 2349 1574 2422 apostolicos
1593 2347 1674 2406 sedis
1698 2347 1802 2422 legatis

137 2443 243 2498 ltatum
259 2439 405 2508 Lutemi,
420 2455 467 2494 rur
482 2437 545 2494 llal.
559 2438 639 2494 lluii.
980 2441 1049 2514 (85),
1064 2439 1135 2496 viris
1145 2439 1277 2511 providis
1289 2443 1319 2496 et
1333 2438 1480 2508 discretis,
1497 2445 1558 2496 tarn
1568 2439 1601 2494 in
1611 2451 1701 2511 opere
1712 2453 1801 2510 quam

424 2527 512 2583 xxvl
533 2525 601 2598 (8³).
979 2519 1804 2603 sermonepotentibus,laboreminjunximusperegrina·

101 2633 290 2686 rrraraucurs,
324 2631 554 2684 suoumrrscorss,
585 2630 733 2681 arrsoorrs,
766 2627 925 2684 anserinus,
979 2619 1250 2688 tionis,ntutcrque
1265 2616 1394 2673 selalter
1407 2617 1683 2674 eorumeseroitum
1698 2616 1803 2673 Itouri-

139 2722 288 2774 eatosteus,
319 2721 352 2762 Ιτ
383 2719 516 2761 uutmto
548 2719 634 2760 cmo
667 2719 695 2759 td
726 2719 927 2760 ”submittis
979 2709 1011 2766 ni
1026 2723 1094 2764 oum
1109 2705 1277 2763 bumilitate
1292 2707 1441 2779 precedet
1455 2713 1485 2762 et
1508 2721 1577 2763 eum
1591 2705 1623 2763 in
1646 2704 1804 2764 concordia

137 2811 268 2852 asaneus
287 2811 466 2852 cousrrrurrs.
979 2793 1293 2868 loreantetadpaccru
1303 2795 1638 2875 revocentimpscatos.]
1651 2795 1803 2852 verumne

173 2885 211 2940 De
226 2883 322 2954 kpmis
335 2883 476 2939 detinctis
489 2884 520 2938 iu
535 2888 636 2938 unum
653 2882 855 2954 sunamiti).
980 2887 1012 2944 iu
1022 2901 1147 2942 vacuum
1161 2899 1216 2942 nos
1230 2891 1261 2941 et
1275 2886 1355 2958 ipsos
1364 2884 1499 2941 laborare
1513 2885 1674 2958 contingat,
1685 2885 1711 2939 si
1725 2884 1805 2941 ultra

430 2971 604 3043 (Laterani.)
981 2975 1103 3049 maligni
1114 2973 1216 3048 populi
1226 2973 1437 3032 demereantur
1446 2973 1641 3046 meritaqnod
1650 2973 1803 3031 cismarini

138 3063 166 3120 Si
176 3062 230 3120 sub
243 3063 357 3136 potenti
371 3077 461 3118 mauu
470 3061 587 3118 llomini
598 3060 824 3118 humiliassetse
834 3077 928 3134 popu·
981 3079 1042 3121 non
1056 3063 1093 3120 de
1108 3064 1170 3120 suis
1184 3063 1299 3121 meritis
1314 3064 1366 3119 sed
1380 3063 1479 3122 divina
1499 3059 1599 3136 potius
1613 3064 1805 3121 miseratione

102 3153 149 3210 lus
159 3151 344 3209 Christianus
353 3167 407 3208 uec
415 3151 765 3225 presumpsissetcontra
772 3151 927 3209 stimulum
941 3127 968 3197 0
981 3153 1283 3226 sperantes,obtinere
1290 3153 1437 3219 nituntur,
1445 3153 1667 3209 universitatem
1678 3157 1806 3210 restrum

103 3242 270 3302 calcitrare.
287 3240 338 3298 sed
352 3240 514 3314 flagellum,
526 3239 606 3312 qnod
622 3256 658 3296 ex
668 3241 751 3310 justo
763 3238 928 3314 judicantis
982 3257 1149 3310 monemus,
1166 3244 1196 3299 et
1209 3241 1400 3299 exhortemus
1414 3239 1557 3298 attentius
1565 3247 1595 3298 et
1603 3257 1656 3314 per
1665 3241 1807 3314 apostoli-

100 3329 285 3406 judiciorum
295 3329 578 3386 ridebatimminere
593 3328 709 3390 corsici,
722 3328 928 3386 suiscriminl·
982 3331 1229 3404 casobisscripta
1237 3331 1415 3387 mandamus
1425 3329 1808 3401 quatenustulesvosexhi·

103 3419 159 3478 bus
173 3421 361 3492 imputasset,
376 3417 564 3475 ascendisset
577 3417 616 3474 ad
630 3418 789 3474 Dominum
803 3418 928 3475 lorsitau
982 3418 1053 3476 bere
1060 3419 1171 3476 curetis
1185 3425 1216 3476 et
1230 3419 1273 3477 sic
1284 3419 1460 3476 commissos
1473 3417 1556 3474 robis
1570 3418 1697 3491 populos
1714 3417 1808 3474 infor-

101 3509 216 3568 clumor
231 3514 341 3575 noster,
357 3513 387 3564 et
401 3507 465 3578 ipse
478 3507 530 3579 qui
545 3507 702 3564 miserator
715 3511 746 3564 et
759 3505 929 3564 misericors
982 3509 1070 3565 metis
1080 3508 1117 3564 ad
1128 3523 1219 3580 opero
1229 3508 1360 3580 pietatis,
1373 3512 1415 3576 ut,
1431 3523 1498 3564 cnm
1511 3507 1593 3564 robis
1608 3512 1638 3564 et
1651 3507 1807 3564 nobislue·

103 3604 159 3662 cst,
180 3597 331 3654 tristitiam
346 3601 481 3654 nostram
502 3595 533 3652 in
558 3595 700 3669 gaudium
724 3597 927 3652 convertisset.
981 3595 1020 3650 rit
1031 3594 1175 3651 Dominus
1183 3593 1396 3666 complacatus,
1408 3595 1550 3651 exercitui
1562 3611 1615 3651 suo
1624 3596 1684 3652 vim
1695 3595 1806 3654 tribuat

103 3689 210 3744 Verum
222 3684 726 3758 quiaomnesdecliaasimus,simul
732 3685 853 3742 inutiles
859 3686 928 3743 lacti
983 3689 1013 3740 et
1022 3684 1160 3742 inimicos
1171 3684 1267 3742 crucis
1278 3683 1309 3740 ln
1321 3699 1423 3740 eoruru
1435 3685 1532 3741 tradat
1542 3685 1680 3741 menibus
1691 3691 1720 3741 et
1734 3701 1806 3742 oon·
1858 3745 1861 3750 ,

103 3793 218 3844 sumus,
235 3791 290 3832 nee
305 3774 416 3847 estqui
432 3773 648 3836 laciatbonum
670 3773 760 3830 etiam
781 3773 929 3847 usquead
981 3773 1097 3842 tundat,
1107 3772 1310 3830 hoereditatem
1321 3787 1406 3830 suam
1417 3772 1585 3831 heredibus
1596 3775 1658 3844 liei,
1670 3775 1805 3830 cabare-

102 3882 208 3930 unum,
222 3880 277 3922 nco
291 3864 426 3937 placatus
438 3866 484 3920 est
494 3863 792 3920 baotennsllominus
806 3879 862 3921 neo
874 3879 927 3937 pe·
982 3863 1070 3921 dibus
1079 3869 1179 3922 autem
1189 3863 1297 3920 Christi
1312 3863 1484 3933 restituens,
1498 3869 1530 3921 ut
1545 3863 1713 3922 inhabitent
1727 3865 1757 3922 in
1773 3881 1809 3922 ca

103 3954 209 4028 percit,
223 3953 276 4012 aed
287 3969 381 4026 usque
395 3967 476 4009 nuuc
490 3969 597 4010 manua
612 3953 677 4025 ejus
695 3953 808 4010 mansit
821 3953 859 4010 ad
873 3953 929 4010 lla·
981 3955 1033 4027 qni
1047 3951 1176 4028 diligunt
1189 3954 1385 4026 nomenoius.
1397 3953 1540 4010 Volumus
1554 3954 1644 4012 etiam
1657 3961 1687 4012 et
1695 3955 1808 4012 discre-

103 4043 213 4118 gellam
222 4047 352 4101 extenta.
368 4043 455 4111 Seue,
471 4039 927 4116 sidissimnlaasetpopnlusois·
982 4043 1056 4100 tioni
1069 4048 1173 4099 vestras
1187 4041 1389 4116 precipiendo
1404 4044 1592 4112 mandemus,
1608 4049 1641 4100 ut
1651 4045 1808 4118 pradictus

104 4133 238 4190 marinus
250 4131 347 4188 crucis
360 4131 502 4204 injuriam
518 4135 549 4188 et
570 4129 762 4204 opprobrium
777 4129 927 4200 crucifixi,
981 4130 1248 4205 apostolicaesedis
1263 4131 1376 4206 legatos
1391 4133 1469 4190 sicut
1488 4145 1648 4205 personam
1659 4138 1805 4202 nostram,

104 4237 159 4278 nec
174 4237 205 4276 se
220 4219 402 4293 flagellatum
416 4219 448 4276 in
457 4219 653 4292 occupatione
667 4225 755 4276 terrm
765 4219 928 4278 natiuitatis
980 4222 1041 4279 imo
1053 4237 1109 4278 nos
1123 4221 1155 4278 in
1169 4221 1223 4290 eis,
1234 4219 1362 4296 benigne
1375 4223 1510 4295 recipere
1523 4237 1557 4279 ao
1571 4221 1806 4295 bonorideeper-

105 4307 265 4365 llominioes
276 4307 463 4376 credidisset,
476 4325 527 4364 sos
538 4315 638 4365 musea
651 4308 743 4380 quiet
757 4314 870 4382 strages
879 4309 927 4365 ui·
980 4315 1108 4368 tractare
1117 4310 1237 4377 curetis,
1249 4309 1501 4367 salubriamonita
1511 4316 1541 4367 et
1551 4315 1660 4368 statuta
1670 4311 1805 4384 ipsorum

101 4413 204 4455 rorum
218 4402 384 4454 vestrorum
397 4395 703 4454 etsictriceshostinm
714 4396 793 4453 acies
807 4399 927 4456 esicium
980 4415 1049 4473 quse
1058 4417 1153 4474 perse
1163 4399 1208 4456 vel
1218 4400 1340 4456 nuutios
1351 4405 1403 4456 aut
1413 4399 1527 4457 litteras
1538 4415 1607 4456 suas
1617 4400 1804 4458 duxerintla·

100 4486 227 4552 ridistis,
255 4500 317 4542 non
347 4483 492 4541 debuistis
526 4484 764 4557 profanationem
796 4485 925 4544 civitatis
940 4495 968 4562 D
982 4489 1098 4559 cienda,
1115 4487 1313 4561 suscipientes
1328 4487 1481 4544 humiliter
1491 4493 1520 4544 et
1534 4488 1744 4546 inviolabiliter
1753 4488 1807 4545 ob-

104 4573 379 4648 Hierosolymitunm
388 4573 666 4645 coinquinationem
672 4572 929 4645 templillominici
983 4583 1136 4634 servantes
1151 4577 1399 4634 etoonrenientes
1409 4576 1446 4632 ad
1457 4577 1641 4635 vocationem
1653 4577 1806 4652 ipsorum

103 4665 221 4722 vincula
230 4670 261 4721 et
270 4661 821 4735 captivitatesrostrorum,occisionem
833 4665 928 4737 gentis
982 4661 1117 4737 alioquin
1129 4665 1308 4724 oeuoentium
1316 4679 1408 4737 quam
1423 4668 1548 4738 uterque
1562 4665 1607 4721 vel
1617 4665 1694 4723 alter
1703 4683 1807 4724 eorum

104 4760 214 4812 nostra
228 4769 264 4810 ao
278 4750 506 4808 translationem
520 4750 680 4808 salutiferae
695 4751 803 4819 crucis,
818 4752 848 4831 iu
869 4771 929 4828 qua
982 4753 1086 4812 tulerit
1097 4753 1128 4810 in
1143 4753 1281 4822 rebelles,
1297 4759 1393 4810 ratam
1408 4753 1511 4812 baberi
1523 4755 1659 4812 volumus
1670 4761 1699 4814 et
1711 4756 1807 4813 inrio-

104 4844 185 4900 selus
199 4840 304 4898 mundi
312 4840 465 4913 pependit,
475 4839 562 4897 siccis
576 4838 672 4896 oculis
682 4839 802 4910 intueri,
814 4843 865 4916 qui
876 4843 929 4900 de-
981 4843 1113 4901 labiliter
1126 4842 1287 4900 observari.
1302 4845 1360 4900 llos
1374 4843 1455 4901 enim
1471 4858 1573 4900 eorum
1587 4844 1706 4917 utrique
1725 4843 1804 4919 lega·

103 4930 336 5004 buerantpotius
346 4926 492 4986 deducere
508 4927 655 5000 lacrymas
667 4945 721 5000 per
737 4929 817 4988 diem
833 4934 863 4987 ct
876 4947 929 4989 no·
981 4931 1071 4990 tionis
1085 4931 1218 4990 olsscium
1231 4932 1371 4990 dminus
1381 4931 1638 5002 committendum,
1651 4940 1684 4991 ut
1697 4933 1729 4990 in
1744 4939 1804 4991 ter·

102 5028 191 5090 otern,
208 5026 240 5077 ut
255 5019 297 5077 sic
317 5016 422 5075 saltem
448 5017 607 5074 Dominum
631 5016 669 5073 ad
691 5017 926 5078 misericordiam
981 5022 1023 5078 ris
1031 5039 1092 5078 sua
1104 5021 1244 5096 legationi
1255 5021 1423 5078 commissis
1434 5021 1805 5092 evelluntdestruantdis·

102 5114 307 5184 provocarent,
324 5112 472 5179 quatenus
487 5121 555 5164 cum
570 5109 621 5164 r‘os
635 5107 770 5163 maserei
792 5105 926 5166 fuissetis
980 5109 1117 5185 perdant,
1133 5109 1282 5168 rediliceut
1292 5117 1324 5167 et
1332 5110 1478 5186 plantent,
1490 5117 1579 5184 prout
1587 5127 1713 5186 quasque
1723 5111 1807 5168 solli-

101 5319 128 5372 8.
146 5315 228 5381 Quod
240 5317 271 5373 iu
286 5317 343 5374 iste
357 5316 464 5373 ultime
477 5315 737 5386 annotavimus,er
747 5311 925 5388 bisanchis
1016 5313 1071 5388 (8³,
1086 5313 1198 5380 liciata,
1215 5313 1268 5370 sed
1283 5329 1343 5370 non
1359 5313 1485 5384 integra,
1500 5313 1582 5386 'apud
1604 5315 1803 5389 llaynaldnm,

103 5387 925 5462 leguntur,apprinreconfirmeturmempe,uuillelmunr
978 5400 1059 5443 anno
1075 5385 1153 5450 tuoe,
1171 5387 1243 5456 §³⁰-
1268 5383 1438 5457 Qnaupud
1462 5389 1561 5458 ipsum
1583 5387 1731 5462 leguntur,
1756 5389 1805 5448 hic

102 5475 257 5532 nunquam
268 5461 440 5534 episcopum
451 5458 677 5526 l‘rueuestinum·¹
690 5457 923 5516 sedtituliS.So·
978 5459 1064 5514 uncis
1079 5458 1194 5514 inclusa
1208 5463 1288 5513 sunt.

104 5531 182 5589 bina
197 5531 404 5615 presbyterum
412 5528 618 5588 tantummodo
628 5530 810 5588 cardinalem
820 5529 923 5586 luisse.
999 5591 1004 5606 ¹
1025 5529 1070 5601 et)
1085 5530 1155 5586 Vide
1171 5527 1248 5586 desto
1262 5527 1423 5588 lauoeeutit,
1444 5542 1508 5598 cup.
1524 5527 1569 5585 lb.

104 5603 167 5660 tid.
185 5601 237 5659 lrb.
253 5618 292 5674 nr,
308 5604 394 5676 epist.
413 5605 455 5659 lt.
1025 5602 1070 5674 db)
1085 5595 1124 5657 lte
1139 5600 1187 5657 bis
1197 5601 1262 5675 jam
1276 5599 1388 5655 dictatu
1400 5603 1447 5654 est
1459 5613 1558 5672 supra.
