3958 6076
204 281 252 332 llll
692 279 893 334 lNNOCENTll
911 278 949 332 Ill
968 277 1022 332 ΡΡ.
1043 275 1277 332 REGESTORUM
1301 275 1366 332 LlB.
1386 276 1420 330 ll.
1848 282 1887 331 tta

203 402 323 459 stolatui
340 407 504 474 resorptum
517 402 595 474 quod
605 403 717 460 dudum
727 404 827 476 puella
841 409 868 459 et
891 404 921 459 in
938 403 1024 460 annis
1037 412 1067 476 Α
1081 407 1186 475 patruo
1198 402 1262 475 ejus
1277 401 1413 458 eamdem
1426 401 1888 460 inlranubilesaunosexstititde-

202 492 314 547 teneris
329 491 499 559 constituta,
516 494 551 547 ld.
569 492 667 549 Sancii
681 494 795 566 accepit
809 494 840 549 in
855 493 961 560 virum,
974 493 1025 564 qui
1081 496 1231 563 sponsata,
1240 508 1308 548 curn
1320 497 1418 548 tamen
1431 496 1565 547 aneutro
1578 490 1711 546 traducta
1720 489 1834 547 luisset.
1846 495 1891 548 l'e-

205 581 241 636 ab
258 580 386 636 inimicis
398 581 494 637 crucis
508 581 616 638 Christi
630 580 687 638 tuit
704 599 792 656 parvo
807 587 875 657 post
892 587 1025 655 tempore
1080 581 1298 653 rumquoniam
1309 580 1396 637 nobis
1406 585 1542 637 constare
1554 597 1614 636 non
1627 581 1722 653 potuit
1737 581 1889 653 cujusata-

206 669 379 725 interfectns
390 686 397 736 ς
408 674 476 740 post
490 670 696 743 cujusobitnm
708 689 724 728 a
734 671 912 743 quibusdam
927 670 1026 727 curia·
1081 672 1119 727 tis
1133 671 1375 742 puellatempore
1391 669 1628 726 subarrhationis
1639 669 1683 725 rel
1698 670 1889 742 desponsatio-

205 758 283 814 libus
298 757 355 814 luit
368 758 430 830 regi
444 759 616 832 Legionensi
633 777 685 833 pro
701 761 812 817 relictas
828 761 935 833 copula
956 777 1027 832 sup·
1080 761 1128 816 nis
1141 759 1287 816 exstiterit
1296 764 1326 814 et
1338 759 1384 816 cui
1395 765 1483 816 antea
1493 757 1592 826 luerit,
1601 763 1671 830 puta
1682 759 1784 830 nepoti
1795 758 1836 813 vel
1847 777 1890 831 pa-

205 847 358 919 plicatum.
371 848 453 913 Quod
467 865 533 904 cum
547 849 583 904 ad
594 851 882 923 consanguineorum
897 851 961 923 ejus
976 865 1026 904 no
1081 855 1158 918 truo,
1167 847 1356 920 desponsata,
1363 865 1431 904 cum
1442 848 1608 904 secundum
1618 847 1804 904 diversitates
1812 846 1890 902 lacm-

206 937 301 992 titiam
316 937 493 1005 devenisset,
508 942 541 992 ut
555 939 695 994 maritum
710 940 858 1011 acciperet
872 940 899 995 ei
911 939 964 995 sub
976 938 1025 995 ab·
1080 953 1148 993 rum
1158 937 1228 1010 jura
1243 937 1331 993 etiam
1343 937 1539 1004 siutdirersa‚
1556 937 1586 991 in
1601 935 1775 1008 hujusmodi
1791 942 1888 992 certum

206 1027 363 1082 testatione
377 1027 458 1099 regia
473 1034 691 1100 suggesserunt.
703 1029 769 1100 lpsa
783 1045 850 1084 vero
866 1027 946 1100 quod
957 1033 1027 1084 tunc
1081 1043 1142 1083 non
1157 1027 1307 1099 potuimus
1321 1025 1391 1082 dare
1401 1043 1590 1098 responsum,
1602 1024 1743 1098 quostiam
1752 1026 1835 1097 juxta
1849 1042 1888 1081 aa·

206 1116 301 1172 nollet
311 1115 422 1171 nubere
434 1121 626 1187 protestante,
638 1117 796 1173 consilium
812 1119 926 1190 accepit
936 1116 973 1174 ab
985 1117 1027 1174 eis
1082 1115 1205 1171 nonicas
1216 1115 1385 1172 sanctiones
1395 1115 1426 1170 in
1436 1115 1526 1172 rebus
1536 1114 1752 1186 ambiguisnon
1763 1119 1808 1170 est
1818 1113 1889 1169 abso·

208 1205 287 1277 quod
302 1211 402 1261 votum
414 1207 562 1260 emitteret
572 1207 725 1262 castitatis.
738 1208 908 1263 decantem
922 1207 952 1263 in
963 1224 1028 1264 ma·
1082 1203 1892 1278 lutumjudiciumproterendumvmentesautemquen·

206 1294 295 1350 nibus
311 1293 466 1366 quusdam
482 1293 518 1349 de
540 1294 681 1350 tratribus
703 1296 801 1352 Sancti
823 1296 978 1370 Augustini
992 1311 1027 1352 eo
1081 1301 1145 1352 tum
1156 1312 1224 1352 cum
1232 1296 1292 1352 lieo
1303 1311 1473 1367 possumus,
1485 1295 1582 1367 justas
1595 1293 1814 1366 postulationes
1827 1309 1889 1366 pra·

207 1383 278 1439 lecit
292 1383 407 1455 adjecto
423 1388 536 1448 tenore,
551 1389 583 1438 ut
597 1385 933 1456 indomopropriacum
945 1386 1027 1442 omni
1081 1383 1133 1440 tati
1149 1384 1292 1456 principis
1312 1384 1376 1440 sine
1398 1382 1573 1439 diillcultate
1597 1381 1732 1455 qualibet
1756 1383 1891 1450 exaudire,

209 1489 262 1529 sua
277 1472 442 1528 substantia
452 1479 628 1529 remaneret.
642 1474 716 1530 Saue
728 1474 759 1530 in
770 1473 905 1546 ejusdem
914 1474 1027 1532 ordinis
1081 1473 1307 1545 inquisitionem
1327 1489 1430 1529 eorum
1451 1489 1518 1544 qum
1532 1471 1734 1545 premisimus
1751 1471 1806 1527 sub
1828 1477 1893 1527 certe

208 1562 310 1618 habitu
325 1561 446 1618 biennio
457 1564 717 1634 postpermansit;
733 1563 803 1620 licet
813 1564 843 1620 in
859 1581 890 1619 se
906 1564 1027 1620 invitam
1080 1561 1894 1632 tormaexaminivestroduximuscommittendam,qnid

206 1650 628 1708 iecisseasseratetcoactam
645 1657 705 1708 tam
729 1657 810 1708 metu
840 1653 921 1726 regio
937 1669 1026 1725 qnam
1077 1651 1157 1724 juris
1171 1651 1252 1707 sitin
1263 1651 1388 1724 singulis
1398 1649 1531 1707 articulis
1541 1654 1755 1722 supponentes.
1768 1649 1895 1715 Quocirca

206 1743 375 1812 pareutum.
391 1741 526 1796 Posthac
539 1741 636 1798 eidem
651 1742 712 1815 regi
728 1741 807 1814 quod
820 1741 931 1799 iecerat
944 1743 1026 1800 indi·
1083 1738 1599 1814 discretionirestrmperapostolice
1609 1738 1721 1811 scripta
1731 1737 1894 1795 mandamns

207 1830 291 1885 cavit.
305 1829 387 1894 Quod
402 1827 569 1900 approbans
584 1831 676 1885 vetnit
699 1847 736 1886 ne
750 1831 828 1902 quis,
845 1848 880 1887 ea
893 1831 1025 1903 nolente,
1083 1829 1348 1902 quatenusvocatis
1357 1829 1395 1886 ad
1406 1829 1596 1902 praesentiam
1606 1833 1734 1884 vestram
1747 1825 1894 1900 quosvide

208 1917 327 1974 domum
344 1917 469 1972 intraret
479 1917 571 1989 ipsius
586 1919 631 1973 vel
647 1919 752 1974 exinde
763 1920 876 1992 aliquid
893 1925 1026 1993 asporta·
1080 1918 1147 1975 ritis
1162 1917 1336 1987 evocandos,
1364 1917 1491 1976 sollicite
1517 1917 1675 1989 inquiratis
1689 1921 1793 1973 utrum
1807 1915 1893 1988 puella

207 2011 262 2060 ret.
279 2006 401 2060 luterim
412 2021 479 2061 vero
495 2012 627 2078 tempore
641 2008 759 2064 modico
770 2008 917 2078 elabente,
932 2011 964 2066 Ρ.
975 2026 1028 2066 cu·
1082 2007 1272 2080 septennium
1283 2003 1894 2080 nonattigcritqnaadosubarrhataexstitit

207 2092 290 2148 rialis
309 2093 404 2166 regias
426 2093 541 2150 litteras
565 2111 665 2152 secum
690 2101 813 2169 portans
828 2101 858 2153 et
871 2099 901 2153 l'.
925 2098 1028 2154 Fordi·
1082 2097 1892 2171 anepote,relpatruedesponsatalnntroquenamqne

206 2181 309 2251 nandi,
326 2181 411 2237 dictae
422 2182 556 2239 mulieris
568 2184 689 2240 domum
700 2186 857 2256 intrantes,
872 2187 979 2259 utipse
994 2188 1027 2246 P.
1084 2185 1210 2243 istorum
1224 2203 1359 2256 casuum,
1375 2186 1446 2258 quia
1467 2191 1528 2242 tam
1543 2185 1730 2242 subarrhatio
1746 2201 1834 2256 quam
1853 2183 1895 2238 de·

206 2272 232 2328 ei
249 2271 354 2326 saltem
370 2287 435 2326 earn
451 2270 573 2328 duceret
587 2273 618 2330 in
633 2291 778 2344 uxorem,
801 2282 977 2348 acceperant
991 2275 1028 2332 ab
1084 2275 1529 2348 sponsatiodeJ'nrenontenuit,
1540 2278 1895 2348 qumnonpotestsepten·

206 2360 271 2432 ipsa
286 2360 366 2431 quod
381 2361 405 2415 si
422 2375 488 2416 eam
499 2360 579 2417 idem
589 2364 620 2418 P.
637 2361 768 2431 duceret,
782 2364 876 2436 ipsius
891 2364 1029 2420 manibus
1084 2365 1168 2420 atium
1187 2364 1358 2437 praevenire,
1373 2364 1452 2435 quod
1471 2364 1582 2420 iactum
1599 2369 1644 2420 est
1657 2370 1792 2436 apati-uo
1810 2363 1893 2436 primo

207 2448 351 2504 interiret.
369 2449 503 2504 Postbmc
517 2466 585 2506 vero
602 2450 734 2507 dimissis
748 2452 836 2508 domo
849 2457 878 2508 et
890 2451 1030 2509 omnibus
1084 2452 1130 2509 vel
1144 2459 1247 2526 postea
1258 2469 1318 2509 non
1334 2452 1482 2520 obstante,
1498 2453 1555 2509 nisi
1565 2451 1646 2509 aliud
1662 2451 1735 2525 quid
1752 2451 1893 2524 impediat,

207 2554 273 2609 qum
289 2535 426 2605 babebat,
439 2537 470 2593 in
485 2537 572 2594 donno
582 2539 738 2612 cujusdam
750 2541 844 2597 ludaei
854 2557 908 2614 per
917 2547 987 2608 tres,
999 2541 1030 2595 in
1085 2543 1187 2616 puella
1201 2543 1306 2601 eadem
1317 2542 1447 2616 legitime
1463 2543 1638 2600 contrahere
1651 2543 1838 2616 poteritcnm
1852 2556 1894 2596 ne·

208 2625 334 2682 ecclesia
347 2642 414 2695 vero
430 2627 545 2683 Sancta
555 2629 652 2684 llario
667 2627 702 2685 de
714 2629 802 2704 veiga
816 2646 869 2702 per
879 2647 930 2686 sex
944 2628 1033 2687 latuit
1085 2638 1165 2706 pote.
1181 2632 1210 2687 Si
1225 2649 1293 2688 vero
1308 2636 1369 2688 tam
1387 2630 1623 2688 subarrhationis
1638 2647 1729 2704 quarn
1745 2631 1894 2704 desponsa·

209 2715 391 2787 septimanas
406 2733 414 2783 ;
430 2715 471 2771 ita
485 2716 564 2787 quod
578 2717 684 2773 exinde
700 2724 821 2791 propter
840 2719 1032 2776 necessitates
1086 2721 1176 2778 tionis
1184 2721 1594 2794 temporeseptennisexstitit
1605 2719 1651 2776 rel
1668 2719 1794 2793 majoris
1814 2719 1894 2774 setsth

208 2803 454 2858 humanasetiam
465 2803 565 2877 egredi
575 2821 635 2861 non
646 2805 784 2874 anderet;
801 2807 921 2863 tandem
933 2824 965 2864 se
981 2825 1032 2864 eo·
1087 2827 1155 2868 eum
1166 2827 1202 2876 ex
1210 2815 1282 2866 tunc
1292 2809 1437 2882 incipiant
1446 2809 1564 2882 placere
1573 2809 1736 2882 sponsalia,
1746 2810 1771 2866 si
1785 2823 1895 2880 praeces·

209 2897 305 2946 actam
319 2891 421 2946 videns
438 2897 468 2947 et
481 2892 620 2948 omnibus
630 2893 814 2963 destitutam,
831 2899 860 2952 ct
874 2895 1032 2952 attendens
1087 2899 1126 2957 sit
1139 2899 1329 2971 desponsatio
1344 2898 1453 2971 patrui,
1469 2915 1530 2955 non
1541 2899 1639 2971 potuit
1652 2897 1828 2955 contrahere
1840 2911 1894 2952 cun

210 2977 491 3050 nihilominusquod
503 2981 702 3038 invitaretum
711 2983 854 3054 emiserit,
864 3001 899 3041 eo
908 2985 1031 3042 dimisso
1088 2993 1217 3062 nepote;
1234 2986 1376 3060 quoniam
1392 2986 1557 3044 secundnm
1572 2985 1748 3044 traditiones
1765 2991 1795 3043 et
1808 2985 1896 3042 obser-

211 3065 247 3122 de
260 3071 417 3138 parentum
427 3067 562 3135 oonsilio,
574 3071 606 3126 P.
616 3070 768 3128 llicbaelis
778 3071 896 3144 publice
905 3073 962 3129 tuit
971 3089 1033 3130 ma·
1088 3077 1203 3134 vantias
1226 3076 1377 3150 regulares
1398 3077 1499 3133 nullus
1514 3081 1612 3150 potest
1625 3091 1769 3148 sponsam
1783 3089 1895 3134 conmu-

211 3155 420 3212 trimonialiter
441 3156 594 3229 copulata,
612 3159 650 3215 de
675 3176 734 3231 qna
761 3165 889 3232 quatuor
913 3161 1033 3218 sustulit
1045 3137 1072 3206 G
1085 3165 1425 3241 gainaisaiscciperein
1436 3181 1570 3236 uxorem,
1581 3166 1650 3223 ethi
1665 3164 1724 3222 duo
1744 3181 1831 3222 casus
1844 3177 1892 3219 non

211 3245 289 3300 tilios
306 3249 439 3318 tempore
455 3247 645 3320 procedente.
671 3249 778 3306 Veram
808 3249 878 3323 quia
905 3251 1032 3308 salutem
1085 3255 1123 3314 ad
1137 3257 1264 3330 imparia
1271 3255 1455 3329 judicantur.
1472 3256 1501 3312 Si
1517 3261 1617 3312 autem
1629 3255 1817 3314 subarrhatio
1830 3255 1895 3310 tecte

212 3332 319 3390 animas
335 3335 475 3391 omnibus
496 3336 647 3394 desiderat
667 3337 814 3395 anteferre
842 3355 877 3396 ac
895 3344 1033 3396 metuens
1085 3344 1895 3418 eumnepctepraeeessit,quodseeutumsuitposteanou

212 3423 291 3495 qnod
306 3424 476 3497 hujusmodi
491 3426 660 3499 conjunctio
670 3427 753 3484 licita
762 3445 823 3484 non
834 3429 950 3498 existet,
962 3427 1033 3501 qnid
1085 3439 1217 3502 tenente,
1232 3451 1300 3490 cum
1315 3451 1369 3506 per
1384 3433 1548 3490 secundum
1568 3433 1678 3490 lactum
1702 3451 1765 3490 non
1782 3431 1895 3508 potuerit

213 3513 363 3586 superbis
379 3519 480 3570 tenere
495 3515 603 3572 debeat
621 3516 738 3574 edoceri
763 3534 905 3590 responso
931 3521 1033 3576 nostro
1085 3525 1216 3597 primum
1228 3522 1360 3592 dissolvi,
1370 3522 1449 3597 quod
1460 3523 1653 3596 quantumed
1663 3524 1816 3596 sponsalia
1825 3519 1895 3578 sorti·

213 3601 387 3673 suppliciter
400 3603 567 3674 postulavit.
585 3606 642 3660 Nos
661 3621 729 3679 ergo
744 3606 931 3664 attendentes
954 3605 1034 3679 qued
1086 3618 1149 3669 tum
1164 3613 1254 3670 fuerit
1268 3613 1451 3680 firmitatem,
1467 3611 1632 3670 volentibus
1647 3611 1786 3686 personis
1800 3609 1896 3685 princi·

214 3692 244 3746 in
256 3693 416 3749 emissione
434 3694 503 3762 voti,
519 3693 600 3766 qnod
620 3696 781 3768 precessit,
798 3697 881 3754 nulla
904 3697 950 3754 vel
971 3713 1034 3752 mo·
1086 3702 1214 3775 palibus,
1222 3701 1532 3759 matrimoniuminter
1541 3717 1591 3758 eas
1601 3702 1895 3774 poteritconsumms·

215 3779 281 3836 dica
295 3782 407 3838 coactio
422 3783 565 3852 affuisset,
580 3801 671 3856 quam
685 3786 829 3858 patientia
849 3791 878 3842 et
897 3801 1034 3859 perseve·
1085 3792 1122 3848 ri.
1139 3791 1168 3846 Si
1182 3807 1250 3848 vero
1265 3806 1358 3864 nepos
1368 3806 1434 3847 eam
1450 3795 1520 3847 ante
1539 3791 1729 3862 septennium
1744 3789 1894 3848 subarrha·

215 3869 312 3925 rantia
333 3871 486 3940 sequentis
511 3873 652 3944 temporis
674 3875 793 3946 penitus
817 3875 990 3948 profugavit,
1007 3878 1037 3930 et
1086 3881 1127 3936 vit
1140 3884 1306 3952 etpatraus
1327 3880 1359 3935 in
1374 3879 1530 3951 septennio
1547 3879 1594 3935 rel
1620 3883 1689 3950 post
1715 3879 1892 3952 septennium

216 3956 296 4029 qnod
308 3973 436 4030 sequens
449 3959 621 4032 conjunctio
637 3963 735 4035 potius
750 3963 853 4034 iniqua
864 3963 922 4020 luit
936 3968 967 4020 et
979 3964 1038 4020 vio·
1086 3969 1276 4042 desponsavit
1285 3967 1433 4036 eamdem,
1448 3983 1615 4040 neposeam
1627 3973 1748 4041 propter
1761 3969 1893 4026 rationem

215 4045 312 4102 lenter
335 4053 458 4116 extorta,
478 4048 657 4106 fraternitati
681 4058 784 4108 vestrm
803 4069 857 4126 per
874 4052 1037 4125 apostoliea
1086 4058 1271 4132 premissam
1286 4056 1769 4130 ducerenonpoteritinuxorem,
1782 4057 1893 4128 stagia

216 4135 326 4206 scripta
341 4135 517 4192 mandamus
537 4143 684 4209 quatenus
697 4140 841 4212 inquisita
863 4141 1036 4214 diligentius
1086 4163 1180 4216 versa,
1196 4163 1262 4203 eam
1276 4146 1332 4202 sibi
1347 4145 1477 4220 legitime
1500 4147 1611 4219 poterit
1624 4147 1775 4220 copulare.
1800 4150 1851 4204 Pro
1865 4145 1893 4199 iis

215 4225 348 4292 veritate,
359 4224 383 4280 si
394 4224 556 4297 praemissis
566 4227 674 4284 veritas
685 4230 871 4302 sullragatur,
882 4229 1035 4302 praelatam
1088 4254 1153 4310 quas
1174 4236 1375 4308 proemisimus
1394 4235 1545 4292 memoria
1557 4233 1785 4306 commendatis,
1796 4253 1858 4293 cam
1867 4231 1895 4287 de

214 4314 1037 4390 feminamadmaledimissumreligionishabitumresu·
1086 4325 1163 4382 facte
1178 4324 1261 4380 robis
1275 4325 1452 4392 constiterit,
1467 4322 1503 4381 de
1514 4326 1584 4397 jure
1599 4342 1661 4381 non
1672 4326 1809 4398 poteritis
1823 4321 1895 4380 dnbi-

215 4405 357 4460 mendum
373 4410 403 4461 et
418 4405 595 4462 servandum
616 4407 788 4478 quadravit
804 4423 925 4464 monere
941 4407 1035 4464 acin·
1087 4421 1160 4472 tara.
1177 4416 1235 4470 Vos
1255 4429 1334 4486 ergo,
1363 4413 1564 4486 appellatione
1591 4419 1716 4483 remota,
1744 4413 1893 4471 secandam

215 4493 322 4550 ducere
338 4497 513 4566 procuretis,
524 4504 554 4553 et
568 4497 593 4552 si
609 4498 797 4570 opnsluerit,
812 4513 1035 4571 percensuram
1052 4511 1077 4574 ι)
1092 4504 1262 4578 praemissas
1275 4502 1481 4559 distinctiones
1500 4503 1667 4576 injunctum
1692 4503 1775 4560 robis
1800 4500 1894 4559 caretis

217 4583 447 4641 ecclesiasticam
472 4603 618 4644 coercere.
635 4589 718 4655 Quod
733 4589 757 4645 si
773 4589 870 4658 ambo,
886 4590 962 4647 alter
988 4605 1036 4644 ve·
1091 4592 1242 4666 negotium
1257 4591 1397 4647 diillnire.
1409 4592 1493 4657 Quod
1507 4591 1532 4647 si
1547 4608 1662 4661 omnes,
1680 4597 1749 4661 etc,
1764 4597 1807 4660 tu,
1820 4590 1895 4646 irater

217 4677 322 4740 strum,
343 4680 398 4730 etc.
1090 4681 1238 4753 episcope,
1254 4695 1439 4736 cumeorum
1454 4679 1558 4736 altero.

253 4763 358 4818 Datum
375 4763 448 4832 Lat,
464 4765 526 4820 llal.
543 4767 723 4824 Decembris.
1126 4772 1189 4828 liat.
1208 4772 1280 4838 Lat,
1296 4787 1346 4825 vur
1358 4769 1420 4826 ilai.
1437 4770 1617 4826 Decembris.

542 4873 709 4929 ccxxxtu.
1417 4875 1582 4932 ccxxxw.

219 4967 222 4974 ⁴
251 4977 387 5016 uisurum
408 4977 546 5028 erescere,
567 4979 760 5020 incarnacouo
779 4983 949 5022 aaueorsusr
967 4982 1001 5022 nr
1090 4984 1187 5023 ausser
1215 4983 1247 5022 sr
1266 4981 1418 5022 couvnurur
1445 4982 1557 5021 seuera
1582 4981 1675 5022 nasta
1702 4981 1736 5022 nn
1763 4981 1844 5022 estro
1868 4975 1894 5016 aa

412 5068 501 5106 esrom
521 5067 554 5108 ns
568 5068 665 5108 rusum
681 5069 840 5111 cassusne.
1424 5071 1578 5111 urcssras.

287 5143 325 5198 h'e
344 5147 406 5196 etate
420 5143 592 5212 septennium
606 5144 744 5212 sponsalia
758 5143 964 5203 contrahantur.
1097 5153 1105 5216 '¹
1129 5145 1163 5200 Ut
1171 5160 1322 5216 pauperem
1338 5143 1501 5215 quemdam,
1516 5159 1551 5199 ec
1565 5145 1660 5200 ludeo
1679 5143 1864 5206 Christianam,

357 5230 516 5301 (Laterani,
539 5247 587 5286 vat
610 5231 674 5287 llal.
701 5231 894 5304 Decembris.)
1457 5233 1544 5289 atam.

251 5329 414 5387 Postulavit
428 5347 445 5385 a
463 5329 550 5386 nobis
565 5330 691 5386 dilectus
706 5329 785 5386 tilius
800 5331 844 5386 vir
862 5330 973 5388 nobilis
1001 5333 1034 5389 ll.
1268 5321 1430 5394 (baierfflli,
1447 5323 1520 5378 N0ss·
1541 5319 1736 5394 DUmbris-i

216 5417 1036 5489 princepsNorealiae‚utdeconcessioneuostrrsibilice·
1127 5409 1893 5491 Quanmpoputustudaicaaccintissuperaciemli-

216 5508 529 5568 rettlliamdilectisrlii
540 5512 684 5584 principis
697 5510 865 5567 insularum
876 5510 1036 5568 subarrha·
1090 5508 1450 5580 vinarumScripturarum
1459 5506 1618 5563 attendens
1628 5506 1817 5580 etnegligens
1826 5501 1893 5576 puri·

216 5598 275 5648 tam
285 5595 393 5668 abipso
404 5600 576 5672 acciperem
590 5615 723 5669 uxorem,
732 5616 794 5656 non
809 5598 945 5656 obstante
956 5599 1036 5670 quod
1090 5603 1182 5655 tatem
1192 5595 1331 5653 medulla
1341 5611 1407 5668 qua
1418 5595 1561 5652 do'ctn'na
1574 5594 1738 5668 spiritualis
1750 5595 1782 5651 in
1791 5609 1820 5650 se
1833 5605 1892 5646 con·
