3952 6042
181 235 187 248 ⁸
214 289 248 342 sa
711 269 969 328 innocuorum
988 268 1043 321 er.
1064 263 1298 320 nasasrcauu
1314 262 1380 318 us.
1400 262 1423 317 1.
1883 266 1922 320 ee

213 421 334 477 feratur.
348 417 448 472 Testes
471 413 571 466 autem
594 403 645 476 qui
664 396 810 457 nominati
825 397 946 464 luerint,
962 395 986 450 si
1003 410 1034 450 se
1048 402 1076 466 Α
1091 391 1123 446 in
1138 389 1272 464 ejusdem
1282 390 1421 446 Ecclesiae
1431 389 1604 461 pontificem
1619 388 1724 446 fuisset
1735 397 1921 464 assumptus,

214 510 319 585 gratia,
335 504 402 561 odio
425 498 471 556 vel
494 497 600 553 timore
624 488 835 554 subtraxerint,
850 503 908 557 quo
936 483 1035 540 minus
1091 479 1493 552 possessionempraebcndae
1511 479 1605 550 ipsius
1629 479 1769 551 prostatus
1791 481 1922 536 lacobus
1960 519 1961 524 κ

214 593 419 656 testimonium
448 585 624 661 perhibeant
647 580 772 646 veritati,
789 583 851 633 tum
869 576 906 632 ad
931 573 961 628 id
983 589 1037 645 per
1090 569 1215 626 credens
1230 569 1314 625 tratri
1329 585 1382 624 suo
1397 567 1434 624 de
1445 567 1514 641 jure
1529 573 1707 640 competere,
1719 570 1756 624 de
1767 570 1922 626 voluntate

210 685 370 746 'censuram
382 675 613 736 ecclesiasticam
624 668 945 743 appellationeremota
955 679 1037 718 oom-
1091 663 1121 713 et
1134 675 1259 714 assensu
1274 658 1367 730 ipsius
1380 657 1510 729 episcopi
1525 663 1555 713 et
1578 657 1774 728 quorumdam
1791 660 1920 716 canoni-

212 777 316 852 pellas.
329 771 424 830 Nullis
432 766 540 824 litteris
550 759 738 818 obstantibus
752 759 861 829 praeter
879 768 1036 810 assensum

210 866 340 940 partium
355 879 373 918 a
388 858 458 916 sede
473 852 637 928 apostolica
651 845 827 921 impetratis.

245 957 353 1012 llatum
369 945 505 1006 Laterani
519 961 538 998 v
553 945 626 998 Non.
644 937 749 995 Martii.

486 1163 602 1205 LAUDEN.
622 1157 763 1201 antandro,

214 1261 252 1316 De
296 1253 426 1314 uastiouc
450 1248 591 1320 cujusdam
609 1241 770 1316 prabcadae
785 1253 845 1310 qua
861 1237 932 1290 inter
947 1235 1037 1290 Notau-

267 1343 354 1384 rteusc
368 1322 519 1395 capitulam
535 1324 560 1372 et
573 1317 716 1372 Albcrtum
731 1311 837 1368 Siccam
850 1309 975 1363 uertitur.

424 1416 581 1492 (Laterani,
597 1431 625 1470 m
642 1415 714 1468 Non.
728 1407 824 1480 Mart.)

249 1529 321 1582 Cam
338 1521 419 1576 illius
430 1514 611 1584 vicem,licet
621 1527 681 1567 nou
700 1502 931 1579 suffragantibus
944 1501 1037 1556 meri-

215 1619 263 1686 tis,
279 1627 417 1688 geramus
432 1609 462 1662 in
477 1605 565 1660 terris
581 1602 616 1657 dc
641 1599 725 1671 cujus
741 1595 821 1651 vultu
836 1591 936 1666 prodit
955 1589 1038 1663 judi·

215 1708 304 1774 cium,
319 1709 347 1759 et
362 1699 462 1755 vident
476 1694 554 1751 oculi
570 1690 751 1762 aequitatem,
766 1685 790 1741 si
806 1684 918 1738 delatas
934 1680 969 1736 ad
983 1695 1038 1734 nos

214 1790 430 1854 controversias
436 1782 637 1860 judiciojusto
651 1774 819 1834 dirimimus
831 1772 876 1827 vel
888 1769 1037 1826 mediante
1053 1773 1079 1838 Β

215 1882 373 1942 concordia
381 1869 680 1942 terminamus‚olllcii
693 1866 786 1924 nostri
796 1863 925 1920 debitam
935 1877 1041 1932 prose·

215 1975 336 2048 quimur
346 1969 537 2034 actionem,et
546 1968 662 2037 gratum
671 1961 729 2014 lieo
740 1955 879 2012 cxlribere
892 1949 1040 2024 dignosci·

68 2033 73 2042 ¹
156 2056 160 2069 ’
215 2081 283 2120 mur
292 2059 478 2118 famulatum.
491 2057 524 2110 lu
539 2049 698 2126 praesentia
708 2045 855 2119 siquidem
866 2046 968 2098 nostra
979 2045 1039 2094 tam

214 2152 314 2210 dilecti
327 2149 380 2206 lilii
400 2146 497 2204 nuntii
507 2141 662 2202 Novarien.
672 2135 793 2210 capituli
811 2147 900 2205 quam
914 2128 1040 2186 lacobus

215 2242 316 2298 Siccus
329 2257 382 2312 pro
394 2238 483 2293 iratre
496 2251 549 2290 suo
561 2231 681 2287 Alberto
702 2227 795 2293 Sicco,
811 2237 900 2294 super
915 2225 1037 2275 coutro-

215 2331 311 2386 versia
321 2345 387 2400 quea
399 2327 477 2382 iuter
487 2324 567 2395 ipsos
575 2317 743 2375 vertebatur
755 2314 791 2369 de
810 2307 969 2384 prebendo
981 2309 1039 2363 No·

215 2419 360 2478 variensis
380 2414 529 2481 Ecclesiae,
546 2407 709 2475 constituti,
735 2421 803 2460 suas
826 2403 857 2457 iu
883 2404 985 2456 nostro
1009 2403 1040 2453 et

216 2511 341 2566 fratrum
363 2511 534 2562 nostrorum
557 2497 776 2573 proposuerunt
794 2489 940 2548 auditorio
957 2504 1039 2560 ques-

215 2601 338 2656 stioues.
348 2597 383 2652 Et
392 2595 489 2668 primo
502 2591 620 2662 luitpro
631 2588 695 2660 ipso
706 2584 826 2640 alberto
843 2580 923 2636 Sicco
939 2577 1040 2634 taliter

214 2689 375 2762 allegatum
387 2682 466 2757 quod
482 2697 549 2738 cum
567 2677 639 2734 olim
668 2673 808 2748 praelatus
832 2668 957 2726 lacobus
984 2683 1037 2740 pro

211 2779 304 2835 fratre
328 2792 381 2832 suo
409 2771 447 2830 ad
476 2773 639 2827 Romanam
667 2763 829 2821 Ecclesiam
853 2758 1036 2824 accessisset,

213 2867 309 2924 ielicis
323 2859 537 2920 recordatiouis
552 2855 700 2913 Celcstino
714 2869 798 2926 papae
826 2844 1038 2922 praedecessori

216 2960 317 3013 nostro
328 2949 482 3008 humiliter
492 2943 799 3020 supplicavitutbouae
810 2937 1038 2995 memoriaetunc

216 3043 370 3099 Novarien.
381 3040 520 3114 episcopo
531 3036 615 3092 daret
630 3033 692 3090 suis
711 3030 818 3088 litteris
832 3029 863 3083 in
879 3025 1036 3091 mandatis,

216 3139 248 3188 ut
261 3133 285 3188 si
298 3131 442 3203 majorem
468 3130 582 3198 partem
607 3121 819 3179 canonicorum
841 3117 872 3172 in
884 3115 1037 3171 Albertum

214 3221 337 3277 fratrem
361 3234 448 3274 suum
472 3217 666 3288 cognosceret
691 3207 870 3274 consentire,
886 3206 984 3278 ipsum
1009 3202 1039 3256 in

213 3310 337 3366 tratrem
353 3312 383 3363 et
396 3305 573 3361 canonicum
588 3301 681 3357 abeis
702 3298 782 3353 omui
807 3292 1041 3351 contradictione

214 3399 260 3455 vel
274 3395 474 3471 appellatione
488 3391 653 3466 postposita
668 3387 760 3459 recipi
775 3387 886 3442 iaceret
896 3389 926 3439 et
938 3380 1040 3437 haberi

218 3493 248 3544 et
271 3485 463 3560 praebendam
482 3483 522 3552 ei,
538 3499 605 3538 cum
631 3496 661 3536 sc
687 3478 808 3533 offerret
822 3471 1039 3547 opportunitas,

217 3577 391 3651 assignaret.
407 3574 497 3647 Cujus
523 3570 659 3645 petitioni
684 3566 824 3640 praefatus
839 3563 1042 3636 praedecessor

217 3672 319 3724 noster
330 3664 435 3722 annuit
445 3670 475 3719 et
484 3663 633 3736 episcopo,
642 3659 727 3733 juxta
743 3654 822 3729 quod
832 3653 1040 3727 postulaverat,

219 3773 287 3812 suas
297 3756 412 3810 litteras
421 3751 579 3809 destinavit
590 3767 596 3817 ;
609 3747 659 3820 qui
676 3747 744 3802 visis
759 3744 878 3811 litteris,
891 3745 920 3796 et
933 3755 1042 3797 convo-

218 3851 283 3902 cato
296 3841 436 3916 capitulo,
446 3855 626 3914 cognoscens
640 3837 784 3904 maiorem
795 3837 909 3904 partem
918 3828 1042 3886 canoni-

1090 765 1191 804 corum
1207 764 1275 804 cunt
1290 745 1469 818 quibusdam
1484 747 1552 802 aliis
1566 747 1698 802 introivit
1713 754 1742 803 et
1756 764 1878 804 anseres
1890 755 1924 802 ct

1090 836 1189 910 pullos
1213 837 1250 894 de
1271 837 1461 909 proventibus
1485 835 1578 908 ipsius
1597 835 1764 908 prebenda
1779 844 1922 908 acceptos

1091 927 1257 1000 deportavit
1271 926 1308 982 ad
1323 926 1452 998 propria,
1468 930 1498 981 et
1512 941 1580 980 cum
1592 924 1697 982 amicis
1713 926 1775 982 suis
1787 927 1853 982 siue
1869 943 1923 982 cu-

1087 1016 1214 1090 juslibet
1228 1015 1462 1072 contradictione
1477 1013 1614 1070 comedit.
1630 1015 1703 1070 Cum
1721 1019 1820 1070 autem
1841 1032 1924 1087 prae-

1089 1105 1304 1162 iatusloaunes
1314 1103 1624 1160 Toruiellusreversus
1639 1103 1676 1158 ad
1691 1104 1923 1176 propria,super

1091 1195 1264 1250 investitura
1279 1193 1335 1250 sibi
1351 1193 1428 1248 iacta
1455 1192 1621 1265 praebendae
1633 1192 1697 1265 Jam
1713 1193 1799 1248 dictae
1814 1210 1831 1249 a
1846 1195 1922 1249 sede

1091 1292 1255 1366 apostolica
1267 1291 1382 1347 litteras
1408 1295 1599 1362 reportasset,
1610 1289 1690 1346 idem
1709 1291 1835 1348 lacobus
1862 1309 1920 1364 pro

1090 1381 1181 1438 tratre
1207 1397 1271 1448 suo,
1287 1381 1358 1452 quia
1373 1378 1533 1452 praebenda
1547 1379 1612 1452 ipsa
1622 1433 1623 1438 ,
1634 1380 1731 1451 primo
1752 1388 1921 1450 vacaverat,

1091 1487 1159 1527 cum
1176 1470 1239 1543 ipso
1256 1471 1339 1526 loan.
1356 1468 1471 1542 litigare
1487 1468 1625 1540 incaepit3
1641 1474 1671 1524 et
1685 1469 1728 1525 sic
1753 1469 1841 1526 ambo
1862 1488 1921 1542 pro

1090 1559 1168 1616 lacto
1180 1560 1243 1630 ipso
1254 1558 1403 1614 adsedem
1413 1557 1607 1630 apostolicam
1618 1563 1817 1615 accesserunt.
1826 1561 1923 1614 Cum-

1093 1665 1150 1720 que
1163 1647 1352 1721 postmodum
1367 1647 1544 1704 haecomnia
1559 1646 1680 1718 prmiato
1702 1646 1922 1719 praedecessori

1094 1743 1195 1793 nostro
1211 1754 1264 1809 per
1280 1737 1425 1809 quosdam
1441 1736 1607 1792 cardinales
1623 1735 1760 1792 intimata
1778 1737 1921 1806 luissent,

1093 1827 1157 1900 ipse
1168 1825 1330 1882 deliberato
1338 1825 1464 1882 consilio
1474 1825 1718 1897 ipsumtacohum
1728 1826 1849 1882 nomine
1860 1827 1923 1882 ira-

1094 1917 1147 1971 tris
1163 1915 1208 1972 sui
1221 1915 1257 1971 de
1273 1915 1433 1988 praebenda
1447 1932 1512 1986 quaa
1526 1915 1623 1970 luerat
1644 1915 1776 1988 magistri
1790 1918 1822 1972 P.
1836 1932 1923 1972 nuuc

1094 2005 1247 2061 Novarieu.
1258 2005 1478 2078 episcopi‚tuno
1488 2003 1635 2072 canonici,
1646 2003 1683 2060 ad
1694 2005 1840 2078 majorem
1851 2006 1922 2078 ejus

1094 2094 1289 2166 quodfactum
1297 2093 1571 2150 iueratfirmitatem
1582 2094 1784 2164 perauuulum
1795 2095 1922 2150 investi-

1092 2181 1922 2255 vitotlittcrassuperuocconcessiteidempraesentihus

1093 2273 1271 2345 quibusdam
1287 2272 1440 2328 Noverien.
1458 2271 1508 2343 qui
1522 2269 1633 2328 lactum
1650 2271 1715 2345 ejus
1734 2272 1924 2330 conabantur
1960 2313 1961 2324 ,

1092 2364 1273 2421 omnimodis
1289 2362 1627 2435 impedire;Novariensi
1639 2363 1768 2435 capitulo
1783 2363 1921 2420 districte

1092 2455 1320 2527 praecipiens‚ut
1334 2451 1413 2524 quod
1428 2453 1491 2524 ipse
1507 2451 1617 2508 iecerat
1629 2468 1689 2508 non
1700 2460 1923 2525 presumerent

1092 2543 1207 2600 ratione
1222 2541 1356 2614 qualibet
1369 2542 1538 2598 immutare.
1555 2542 1701 2597 Preterca
1715 2541 1831 2598 dilectis
1847 2542 1922 2600 filiis

1093 2633 1217 2690 llicardo
1228 2631 1388 2704 llyporieu.
1399 2635 1430 2687 et
1439 2630 1579 2704 magistro
1591 2631 1763 2686 blarescotto
1773 2632 1922 2687 canonice

1093 2731 1223 2788 Gualteri
1244 2729 1412 2802 prepositis
1432 2730 1573 2785 llomanm
1588 2727 1726 2784 Ecclesia
1742 2726 1921 2784 subdiacon.

1093 2819 1175 2876 dedit
1185 2818 1458 2892 ipsepraedeoessor
1468 2821 1569 2872 noster
1580 2817 1705 2874 firmiter
1715 2817 1746 2872 iu
1756 2817 1922 2886 mandatis,

1093 2905 1713 2966 utNovariencanouicosadexsecutionem
1720 2905 1923 2962 mandatino-

1093 3000 1145 3056 stri
1158 3015 1372 3072 percensuram
1379 2996 1610 3066 ecclesiasticam
1616 2995 1815 3068 appellatione
1823 3013 1923 3053 remo·

1093 3087 1354 3160 ta'compellerent.
1364 3087 1418 3153 Qui
1431 3086 1564 3159 partibus
1575 3085 1742 3142 convocatis
1753 3091 1784 3141 et
1793 3086 1923 3142 rationi·

1093 3179 1149 3235 bus
1164 3177 1316 3237 hincinde
1329 3176 1448 3244 auditis,
1459 3181 1492 3231 ut
1503 3175 1677 3232 investitura
1687 3174 1822 3248 ejusdem
1835 3193 1922 3248 pra-a-

1093 3268 1257 3324 decessoris
1270 3268 1363 3323 nostri
1377 3271 1440 3322 rata
1450 3265 1609 3322 baberetur
1621 3271 1651 3322 et
1660 3265 1784 3323 tirmaet
1793 3264 1922 3324 inviola-

1092 3358 1193 3414 biliter
1204 3363 1369 3414 servaretur
1383 3353 1832 3428 sententialiterpraaceperunt;
1846 3355 1922 3412 licet

1092 3447 1206 3520 prelati
1215 3446 1350 3504 canonici
1361 3445 1406 3501 illi
1417 3445 1571 3501 sententia
1582 3444 1703 3501 obedire
1714 3445 1876 3513 noluerint,
1890 3452 1923 3501 et

1093 3553 1206 3610 parere.
1219 3539 1240 3592 E
1251 3541 1354 3592 contra
1363 3551 1431 3590 vcro
1439 3534 1537 3590 nuntii
1550 3535 1705 3591 Novarien.
1717 3533 1856 3591 Ecclesia
1868 3533 1921 3589 al-

1093 3628 1255 3698 legationes
1266 3625 1421 3698 predictas
1433 3625 1494 3680 suis
1504 3623 1734 3697 allegationibus
1745 3623 1841 3680 modis
1852 3625 1926 3694 qui·
1960 3615 1961 3634 ²

1093 3716 1148 3772 bus
1161 3720 1299 3788 poterant
1312 3712 1508 3787 repellebant,
1522 3713 1655 3769 diceutes
1666 3713 1764 3786 ipsum
1777 3711 1842 3768 Alb.
1852 3718 1926 3783 post
1960 3729 1961 3734 ¹

1093 3805 1322 3878 appellationem
1338 3802 1544 3876 interpositam
1555 3802 1667 3874 adipso
1679 3803 1817 3876 episcopo
1828 3801 1925 3856 insti-

1092 3901 1189 3952 tutum
1200 3900 1230 3950 et
1238 3893 1353 3951 litteras
1359 3893 1536 3966 apostolicas
1547 3892 1668 3948 veritate
1680 3892 1768 3948 tacita
1778 3892 1925 3964 impetra·

216 3950 319 3989 corum
341 3933 372 3986 in
402 3930 653 4004 praeominatum
676 3924 830 3982 albertum
860 3919 1042 3977 unanimiter
1459 3982 1464 3992 ¹
1630 3981 1636 3992 ,
1661 3981 1666 3992 Ι
1757 3982 1763 3992 ,

216 4021 397 4088 consentire,
414 4019 511 4074 eidem
523 4017 589 4073 alh.
603 4016 723 4072 stallum
737 4014 767 4069 in
783 4013 872 4068 choro
889 4015 918 4065 ct
940 4008 1040 4064 locum
1092 3990 1137 4040 ms
1153 3991 1181 4039 ⁰²
1195 3982 1274 4054 q⁰⁰d
1287 3981 1323 4038 ad
1340 3987 1557 4056 ⁵⁰88⁶⁵u⁰⁰em
1571 3980 1638 4037 f³¹⁵¹
1660 3986 1865 4037 ¹¹¹V⁹⁵t¹t¹¹fflm
1891 3986 1925 4038 et

215 4113 245 4167 in
256 4111 385 4184 capitulo
406 4108 581 4182 assignat-in
599 4107 649 4178 qui
663 4105 729 4160 Alb.
746 4104 776 4158 iu
791 4102 895 4158 eadem
909 4097 1041 4155 Ecclesia
1092 4082 1313 4138 1111111111θῦ1ῐῦ
1324 4081 1359 4138 ab
1370 4081 1434 4153 11150
1444 4080 1662 4154 praedecessore
1672 4087 1773 4138 11011111
1782 4083 1925 4154 1111111111·

214 4200 305 4268 stetit,
322 4199 450 4256 cantavit
464 4203 493 4253 et
508 4196 588 4270 legit,
605 4199 714 4250 etcum
728 4192 794 4248 aliis
816 4189 916 4246 divina
941 4187 1041 4244 officia
1092 4173 1137 4230 (1111
1150 4173 1497 4228 011111111111111111111111111
1509 4170 1595 4242 {quii
1606 4187 1637 4225 ὅθ
1648 4169 1757 4227 habere
1772 4172 1854 4228 aliud
1867 4174 1923 4231 be-

212 4287 381 4345 celebravit.
392 4287 484 4358 Super
496 4283 641 4340 electione
652 4287 682 4337 et
691 4277 878 4336 institutione
895 4275 979 4348 cujus
995 4279 1040 4330 ta-
1091 4263 1232 4320 neficiurss
1249 4261 1279 4317 in
1295 4259 1462 4316 honorabili
1478 4259 1611 4316 Ecclesia
1623 4275 1684 4315 non
1700 4263 1847 4334 exposuit,
1863 4281 1922 4322 neo

211 4378 280 4434 liter
294 4378 371 4434 iacta
387 4376 513 4432 dilectus
526 4374 606 4430 lilius
621 4372 707 4429 Obizo
719 4370 755 4426 de
777 4365 904 4424 Castalio
918 4362 1039 4421 subdia·
1092 4351 1171 4424 quod
1186 4357 1263 4408 esset
1277 4350 1354 4407 alius
1369 4348 1406 4406 ad
1419 4348 1554 4405 eamdem
1564 4347 1756 4423 prehendam
1767 4351 1920 4411 admissus

211 4483 304 4523 conus
319 4471 421 4522 noster
436 4465 589 4521 Novaricia,
606 4460 766 4518 canonicus
791 4456 828 4514 ad
849 4456 961 4512 cupiam
976 4456 1034 4510 Ro.
1091 4441 1234 4498 canonice
1244 4440 1399 4496 intimavit.
1410 4439 1552 4496 Dicebant
1562 4439 1643 4496 enlm
1654 4438 1710 4512 ipsi
1724 4441 1821 4496 nuntii
1837 4443 1921 4514 quod

210 4571 329 4612 manem
351 4553 507 4622 accedeus,
522 4553 557 4609 ab
584 4551 688 4607 eodem
701 4547 918 4622 predecessore
931 4549 1033 4600 nostro
1049 4528 1076 4593 D
1093 4547 1160 4588 cum
1172 4530 1202 4584 iu
1213 4529 1366 4584 Novarien.
1379 4528 1509 4585 Ecclesia
1520 4529 1578 4584 duo
1595 4534 1711 4585 tautum
1729 4537 1830 4588 essent
1850 4549 1923 4604 pre-

210 4643 470 4701 conflrmationem
481 4642 625 4709 obtinuit;
638 4641 714 4696 sicut
724 4639 755 4694 in
770 4636 878 4692 litteris
894 4635 958 4708 ejus
971 4651 1035 4690 ma·
1088 4619 1314 4694 5111111111111111
1326 4617 1920 4691 1111111111Ρ111111111111111’1011111111,111111111111

209 4733 315 4789 niiesie
330 4732 535 4807 perspeximus
563 4729 720 4786 contineri,
737 4727 869 4796 Cumque
893 4724 1035 4797 magister
1087 4727 1147 4767 una
1155 4709 1252 4766 luerat
1261 4709 1394 4782 magistri
1406 4709 1436 4763 Β.
1449 4708 1485 4764 de
1497 4709 1576 4764 Sauo
1586 4707 1718 4764 etaltera
1736 4709 1869 4783 magistri
1882 4711 1918 4773 Ρ,

207 4823 288 4896 llugo
305 4823 340 4878 de
353 4825 501 4880 ltacaueto
517 4819 651 4892 ejusdem
667 4815 805 4872 Ecclesia
821 4820 892 4869 tuuc
911 4812 1033 4868 canoni·
1087 4817 1166 4858 ¹111ssss
1195 4801 1348 4855 NOVfflssss·
1366 4799 1508 4870 episcopi,
1523 4805 1593 4854 111111
1613 4797 1850 4868 1111011111,1111111
1867 4815 1919 4856 sa·

206 4928 269 4979 cus,
284 4911 315 4966 in
331 4911 467 4968 Calabria
478 4911 573 4965 iactus
586 4907 691 4962 luisset
717 4903 874 4978 episcopus
899 4907 1032 4973 tempore
1086 4892 1191 4948 cardos
1203 4896 1232 4946 et
1240 4890 1317 4946 alius
1329 4890 1379 4962 qui
1390 4890 1524 4962 proximo
1534 4888 1654 4944 deberet
1665 4889 1696 4944 in
1707 4889 1918 4964 presbyterum

206 5001 391 5073 procedenti,
405 5001 470 5073 ipso
493 4999 552 5054 lac.
571 5001 600 5052 et
629 4995 719 5050 iratre
744 5010 797 5049 suo
812 4990 1032 5064 promotionem
1086 4988 1380 5056 ordinari,coucesso
1390 4985 1504 5042 duobus
1515 4985 1638 5042 arbitrio
1649 4987 1678 5041 iu
1690 4988 1843 5046 Novaricu.
1856 4993 1917 5048 Ca-

206 5105 291 5146 suam
303 5091 422 5162 penitus
442 5085 658 5162 ignorantibus,
668 5083 795 5138 dilectus
813 5081 892 5136 illius
902 5080 945 5134 lo.
962 5080 1032 5134 Tor·
1086 5078 1210 5133 nonicos
1221 5076 1307 5132 electi
1320 5075 1436 5132 suntad
1447 5074 1778 5146 illasduaspraabendas
1789 5095 1917 5138 concor-

205 5169 1032 5244 niellussubdiaconusnosterluitideprasbeudapraeiati
1085 5163 1162 5220 diter
1172 5168 1203 5218 ct
1212 5163 1347 5220 admissi.
1357 5163 1557 5236 Allegationes
1567 5162 1657 5219 etiam
1672 5163 1916 5226 aliatueruutab

206 5267 335 5340 llugonis
345 5285 399 5340 per
408 5267 582 5340 predictum
594 5262 843 5336 predecessorem
853 5256 1031 5314 nostrumad
1084 5260 1210 5324 utraque
1220 5254 1349 5324 partium
1362 5253 1585 5325 recitatae‚quas
1595 5253 1703 5310 litteris
1713 5257 1914 5327 praesentibus

204 5355 485 5428 precesimperiales
496 5361 525 5411 et
535 5350 732 5427 quorumdam
744 5349 1031 5405 cardinaliuminve-
1083 5358 1144 5399 nou
1159 5341 1298 5398 duximus
1311 5341 1496 5400 inserendas.
1508 5343 1646 5400 volentes
1658 5342 1758 5415 igitur,
1770 5353 1859 5416 prout
1872 5353 1916 5402 te-

203 5443 300 5501 stitus.
312 5445 507 5502 Postmodum
526 5460 594 5500 vero
609 5438 780 5497 Novaniensi
797 5440 936 5510 episcopo
951 5438 1028 5493 viam
1083 5449 1200 5499 namur,
1218 5433 1325 5504 cuique
1341 5447 1425 5489 suam
1437 5432 1586 5504 justitiam
1603 5436 1916 5503 conservare,discre-

201 5532 347 5588 universae
370 5535 468 5590 carnis
492 5533 635 5608 ingresso,
650 5545 718 5585 cum
744 5527 922 5585 venerabilis
936 5527 1029 5584 irater
1082 5522 1156 5578 tioui
1169 5527 1227 5576 tuas
1238 5521 1274 5577 de
1287 5523 1411 5578 fratrum
1424 5527 1594 5577 nostrorum
1608 5521 1854 5582 consilioiaotum
1866 5529 1914 5600 ip·
1960 5587 1961 5600 χ

200 5625 303 5677 noster
315 5621 346 5676 P.
363 5623 549 5681 Novariensis
571 5621 739 5694 episcopus,
755 5623 826 5674 tunc
854 5617 1027 5686 canonicus,
1082 5629 1149 5670 sum
1163 5612 1304 5672 duximus
1318 5610 1575 5682 committendum,
1590 5627 1644 5684 per
1669 5613 1834 5686 apostolica
1855 5617 1912 5675 tibi
1960 5611 1961 5692 ᾗ
