3956 6056
192 253 245 310 295

681 251 883 308 lNNOCENTll
901 249 940 305 111
959 250 1013 306 PP.
1034 249 1272 308 REGESTORUM
1290 249 1356 306 LlB.
1377 251 1399 304 1.
1437 237 1439 242 ¹

1870 257 1922 311 296

193 384 269 448 sent,
287 375 382 434 dictus
396 379 428 432 P.
445 379 599 450 presbyter
612 379 868 450 archiepiscopum
881 383 1017 449 paratum
1034 387 1059 451 Α
1075 375 1240 435 remedium
1255 378 1428 433 convolavit.
1439 379 1544 434 Postea
1559 394 1637 434 vero
1653 378 1764 434 Pisani
1777 379 1924 438 iacientes

193 483 257 524 esse
275 484 306 522 se
320 467 394 522 dixit
408 467 437 521 in
451 467 553 522 multis
567 473 598 520 et
611 467 747 540 gravibus
757 483 896 522 accusare
909 482 915 521 :
926 481 1014 537 quem

193 573 282 628 super
296 555 466 622 homicidio,
483 555 625 626 perjurio,
639 555 957 623 excommunicatione,
974 553 1017 607 in·

192 643 316 713 ccirdiis,
332 643 595 713 incantationibus,
612 645 778 702 lardatione
802 643 933 700 bominis
948 659 1016 699 cum

192 733 275 788 lardo
291 740 321 788 et
335 749 412 801 cera,
429 739 458 788 et
472 733 551 804 quod
566 749 583 789 a
599 739 705 806 nepote
730 751 784 790 suo
807 733 962 790 Saracenis
981 731 1017 787 de

192 821 291 878 Sicilia
314 821 401 878 vendi
416 823 563 878 concessit
583 824 721 880 Ecclesiae
751 840 811 879 sua
836 822 1018 894 mancipium

192 911 392 966 Christianum
409 917 439 966 et
452 911 519 966 aliis
535 912 760 969 enormitatibus
776 917 805 967 et
817 911 954 983 capitulis
968 927 1019 964 vc-

192 1002 273 1058 lehat
299 1001 441 1074 impetere
466 1001 607 1058 adversus
638 1019 707 1058 eum
731 1007 864 1074 tempore
888 1015 1018 1073 congruo

193 1090 516 1163 proponendis.Verum
531 1091 594 1162 ipse
610 1090 851 1162 archiepiscopus
867 1088 1021 1162 proposuit

1072 467 1104 521 in
1118 481 1185 520 eum
1202 466 1344 538 impetum
1361 483 1449 538 quem
1465 468 1597 539 petierat
1612 465 1814 538 advocatum,
1827 469 1924 542 ipsum

1071 553 1206 610 occidere
1222 554 1388 610 voluerunt.
1405 556 1586 628 Compulsus
1609 557 1741 613 tandem
1759 571 1779 612 a
1794 559 1925 631 saepedi-

1071 646 1118 697 cto
1134 642 1242 698 Pisano
1258 642 1492 715 archiepiscopo,
1504 643 1724 716 appellatione
1740 643 1826 700 salva
1836 661 1925 717 quam

1071 729 1215 797 fecerant,
1245 731 1431 788 excludendo
1460 733 1491 788 P.
1516 741 1747 802 memoratum,
1780 741 1925 806 tanquam

1072 821 1173 877 minus
1188 821 1340 892 idoneum,
1356 822 1511 894 respondit
1537 822 1715 896 quodcum
1742 841 1808 880 non
1825 831 1927 897 posset

1073 909 1223 967 ullatenus
1248 927 1387 968 accusare
1402 929 1408 980 ;
1425 917 1455 968 et
1469 913 1526 969 hcc
1550 915 1769 970 incontinenti
1786 921 1925 971 constare

1074 1004 1201 1070 poterat,
1217 1005 1250 1054 ut
1264 999 1428 1056 dicebat.Et
1443 1003 1587 1072 quoniam
1605 1002 1758 1075 jamdicti
1773 1001 1927 1059 marchio-

1074 1087 1122 1144 nis
1138 1094 1167 1143 et
1182 1105 1302 1144 sucrum
1319 1088 1462 1146 instinctu
1475 1089 1567 1147 falsos
1590 1097 1708 1148 contra
1725 1108 1758 1147 se
1777 1096 1873 1147 testes
1889 1093 1922 1146 ti-

195 1197 231 1234 er
245 1179 378 1247 adverso,
395 1179 473 1250 quod
489 1195 556 1234 cum
572 1179 658 1234 bonis
673 1178 811 1235 Ecclesia
827 1195 887 1234 sum
902 1195 956 1250 per
970 1193 1022 1232 nc·
1074 1179 1151 1233 muit
1164 1178 1310 1234 introduci
1327 1184 1357 1234 et
1367 1187 1549 1238 memoratus
1563 1181 1703 1238 Pisanus
1719 1181 1923 1254 arehiepisco-

195 1268 286 1324 hilem
301 1268 396 1324 virum
413 1267 529 1324 Vulliel.
547 1269 750 1325 marchionem
761 1267 894 1340 judicem
910 1267 1022 1322 Calari-
1074 1284 1130 1339 pus
1144 1266 1236 1323 laicos
1251 1272 1342 1323 testes
1352 1268 1438 1324 bonae
1449 1270 1600 1342 opinionis
1618 1277 1651 1326 et
1661 1271 1877 1328 lamaeccntra
1890 1273 1922 1328 P.

194 1363 256 1414 tan.
275 1364 303 1414 et
317 1357 477 1430 complices
502 1357 567 1430 ejus
582 1363 661 1414 esset
679 1357 779 1413 minus
804 1355 1023 1412 rationabiliter
1076 1355 1276 1412 adversarium
1287 1373 1374 1412 suum
1384 1357 1540 1415 admittere
1551 1359 1844 1428 recusabat,denuo
1856 1376 1922 1432 pro·

197 1448 366 1516 destitutus,
381 1461 443 1502 non
458 1445 614 1502 tenebatur
629 1446 745 1502 aemulis
761 1445 953 1518 respondere,
971 1443 1022 1517 qui
1075 1449 1141 1518 pter
1154 1445 1308 1517 praemissa
1318 1447 1488 1518 gravamina
1499 1464 1600 1504 coram
1613 1448 1732 1522 majori
1744 1457 1833 1522 parte
1847 1466 1919 1521 pra·

196 1553 264 1592 cum
279 1535 419 1608 predicto
435 1535 608 1592 marchione
625 1535 835 1609 spoliationem
859 1551 942 1591 suam
958 1534 1023 1588 lue·
1076 1535 1204 1590 latorum
1220 1533 1362 1590 Sardinia
1378 1534 1480 1591 sedem
1495 1537 1792 1612 apost.appellavit;
1811 1544 1920 1594 etcum

195 1629 263 1679 rant
288 1623 461 1692 machinati,
476 1624 533 1679 nisi
550 1629 628 1680 esset
643 1630 731 1680 antea
754 1623 930 1689 restitutus;
948 1639 1023 1693 quos
1076 1622 1226 1694 apostolos
1250 1623 1286 1678 ab
1309 1623 1438 1680 antelato
1463 1625 1696 1699 archiepiscopo
1723 1628 1918 1700 postulasset,

196 1715 286 1770 ctiam
302 1711 338 1769 ab
354 1715 543 1769 accusatione
566 1730 620 1768 sua
635 1713 752 1769 dicebat
773 1711 840 1768 aliis
857 1711 1022 1766 rationibus
1078 1717 1107 1766 et
1118 1716 1151 1766 ut
1164 1713 1358 1784 compelleret
1381 1714 1587 1771 marchionem
1602 1733 1645 1772 ne
1668 1717 1840 1791 impediret
1855 1733 1919 1772 eum

197 1801 395 1874 repellendos.
414 1802 495 1857 Unde
519 1809 618 1858 autem
637 1801 793 1874 praedictos
818 1800 1022 1856 marchionem
1038 1764 1135 1870 Bquo
1150 1800 1249 1855 minus
1272 1806 1374 1872 posset
1388 1801 1424 1856 de
1448 1804 1538 1858 rebus
1557 1803 1850 1878 archiepiscopatus
1866 1805 1918 1860 sibi

198 1895 227 1946 et
241 1890 402 1946 canonicos
417 1889 558 1945 adversus
574 1907 604 1944 se
620 1897 785 1945 commotos
806 1888 919 1944 diceret
932 1888 1022 1943 exsti·
1074 1905 1192 1944 sumere
1208 1891 1387 1959 necessaria,
1404 1891 1479 1946 nihil
1495 1892 1602 1948 horam
1637 1894 1745 1966 potuit
1772 1894 1917 1961 obtinere,

198 1979 280 2046 tissa,
298 1979 454 2050 sequentia
467 1994 517 2033 vos
532 1978 620 2033 verba
643 1984 784 2052 poterunt
798 1978 933 2034 edocere.
950 1977 1023 2033 Cum
1074 1978 1209 2049 quinimo
1226 1984 1329 2050 postea
1341 1980 1399 2034 fuit
1412 1997 1467 2053 per
1482 1981 1699 2038 marchionem
1716 1983 1821 2056 ipsum
1837 1982 1917 2054 equis

197 2068 279 2128 enim
292 2067 372 2123 idem
384 2067 516 2123 marchio
532 2067 706 2122 auctoritate
722 2066 874 2138 quondam
893 2081 960 2138 apo.
975 2082 1023 2120 se·
1074 2068 1202 2139 propriis
1218 2068 1374 2141 spoliatus,
1390 2070 1441 2141 qui
1452 2071 1542 2126 etiam
1567 2071 1746 2130 inhibuisse
1762 2073 1874 2128 dicitur
1888 2076 1917 2126 ut

198 2155 244 2211 dis
259 2156 573 2214 excommunicationis
584 2155 701 2211 vinculo
717 2153 1022 2223 innodatus‚nobilem
1074 2156 1176 2212 nullus
1191 2157 1305 2212 eumin
1320 2158 1387 2213 navi
1405 2175 1457 2214 sua
1481 2159 1640 2231 reciperet,
1657 2161 1699 2216 ad
1713 2162 1805 2216 Rom,
1820 2160 1915 2216 Eccle-

198 2243 292 2300 virum
308 2243 621 2316 A.Arboren.judicem
632 2249 661 2299 et
676 2244 771 2300 illium
787 2246 851 2316 ejus
867 2243 1022 2317 parvulum
1075 2245 1149 2300 siam
1165 2245 1355 2302 accedentem
1366 2264 1373 2314 ς
1386 2252 1415 2302 et
1430 2247 1661 2319 hospitalarium
1676 2249 1859 2322 quemdam,
1867 2249 1914 2320 qui

198 2331 326 2404 cepisset
341 2337 370 2388 et
398 2333 536 2404 nequiter
563 2333 706 2389 carcerali
735 2333 854 2390 fecisset
881 2331 1022 2389 custodiae
1074 2333 1203 2391 habebat
1223 2341 1318 2391 vestes
1334 2336 1427 2408 ipsius
1451 2337 1673 2411 archiepiscopi
1685 2338 1912 2396 commendatas

198 2421 571 2494 n·1ancipari,eorumte1·ra
586 2439 675 2494 quam
691 2422 727 2478 ab
742 2422 874 2479 Ecclesia
886 2423 1022 2478 Romte-
1074 2421 1112 2478 ad
1128 2428 1255 2494 tempus,
1269 2424 1340 2480 lecit
1364 2425 1395 2481 in
1417 2425 1553 2482 custodia
1575 2427 1733 2496 detineri;
1759 2442 1911 2500 apponens

197 2511 309 2567 nebant
320 2529 374 2584 per
390 2511 560 2568 violentiam
575 2518 728 2583 occupata,
746 2512 808 2583 ipse
824 2510 1023 2583 archiepisco·
1075 2511 1165 2568 etiam
1180 2512 1369 2582 iniquitatem
1384 2513 1602 2587 iniquitati,pcr
1609 2517 1755 2588 judicem
1764 2518 1910 2572 Turritan.

196 2617 262 2671 pua,
278 2601 329 2673 qui
344 2601 464 2656 natione
487 2602 612 2656 tanuen.
636 2606 709 2670 erat,
726 2601 801 2656 iram
826 2600 920 2671 ipsius
944 2616 1023 2655 mar·
1075 2617 1143 2656 eum
1158 2600 1223 2672 capi
1237 2601 1317 2669 fecit,
1334 2607 1363 2656 et
1377 2607 1458 2658 arcto
1480 2603 1591 2660 carceri
1615 2605 1805 2678 mancipari,
1826 2604 1909 2676 longo

197 2688 312 2744 chionis
327 2695 357 2746 et
371 2689 421 2762 qui
437 2707 538 2745 secum
548 2695 632 2746 erant
643 2694 780 2746 metuens
796 2687 1023 2758 Pisancrum,od
1075 2695 1207 2762 tempore
1223 2690 1816 2766 compedibusferreisreligatum.Testes
1826 2694 1910 2750 etiam

197 2783 297 2848 partes
307 2778 381 2834 alias
398 2777 577 2846 declinavit;
594 2779 624 2834 in
640 2780 725 2850 cujus
742 2779 877 2834 absentia
892 2777 1023 2834 marchio
1074 2780 1167 2850 partis
1193 2779 1322 2836 adversat
1338 2788 1405 2853 post
1418 2797 1569 2838 recessum
1586 2799 1675 2840 suum
1691 2785 1794 2840 dictus
1809 2784 1905 2840 Pisau.

198 2871 228 2920 et
241 2867 371 2922 lautores
387 2867 452 2938 ejus
467 2867 610 2922 arboren.
627 2868 790 2923 Ecclesiam
813 2867 980 2939 spoliarunt
993 2867 1024 2920 in
1075 2868 1315 2941 archiepiscopus
1328 2870 1468 2926 adversus
1477 2888 1544 2927 eum
1555 2874 1739 2944 proponitur
1748 2872 1906 2944 recepisse.

198 2959 280 3024 parte
297 2959 327 3009 et
341 2955 519 3027 suffraganei
534 2957 580 3010 sui
594 2961 625 3010 et
639 2955 739 3010 clerici
755 2956 834 3010 dicto
848 2955 1023 3024 marchioni,
1075 2957 1181 3012 Postea
1201 2973 1282 3026 vero,
1299 2959 1375 3014 sicut
1397 2959 1521 3014 llominc
1545 2960 1670 3032 placuit,
1688 2962 1847 3028 liberatus,
1872 2959 1905 3013 de

199 3049 269 3096 tunc
285 3043 589 3098 excommunicatione
601 3044 951 3109 notato‚hrboren.terrae
965 3059 1024 3099 sce·
1075 3044 1164 3100 rebus
1178 3046 1449 3119 archiepiscopatus
1465 3065 1538 3120 quas
1558 3056 1761 3122 occupaverat
1776 3048 1906 3105 marchio

198 3133 297 3200 ptram
312 3130 486 3186 solemniter
500 3137 720 3188 concesserunt.
737 3134 844 3187 Verum
860 3149 928 3187 cum
947 3136 1023 3187 tem·
1037 3123 1063 3190 G
1077 3134 1263 3206 saepedictus,
1278 3135 1355 3190 nihil
1368 3137 1466 3209 potnit
1480 3152 1533 3209 per
1546 3135 1907 3210 Arborenarchipresby·

197 3235 268 3291 pore
283 3221 461 3290 procedente
470 3220 548 3276 idem
557 3221 796 3293 archiepiscopus
811 3220 1021 3277 adEcclesiam

197 3324 281 3364 suam
296 3323 431 3364 reversus
446 3309 584 3381 prmiatos
599 3309 724 3364 clericos
739 3309 775 3364 de
791 3325 826 3364 eo
841 3308 967 3380 quod,ut
981 3309 1020 3364 si·

196 3397 225 3452 hi
244 3397 399 3452 ridebatur
419 3398 450 3452 in
474 3403 678 3470 contemptum
702 3402 787 3470 apost
801 3397 1023 3454 sedisfecerant

196 3485 396 3559 redargueret,
412 3503 467 3542 nec
490 3487 580 3543 vellet
603 3487 666 3543 sine
690 3487 830 3544 mandato
854 3504 921 3558 apo.
943 3487 1021 3544 sedis

195 3575 352 3647 praelatum
368 3577 573 3633 marchionem
588 3576 698 3633 habere
714 3582 873 3649 patronum
890 3593 897 3631 ε
915 3578 1023 3633 timen-

196 3670 287 3732 tes,ut
301 3665 487 3733 credebatur,
496 3665 596 3721 clerici
613 3681 651 3721 nc
667 3682 766 3721 coram
782 3666 845 3737 ipso
861 3665 1022 3738 archiepis·

195 3769 268 3824 copo
285 3753 321 3810 de
337 3770 390 3808 sua
402 3759 525 3825 possent
539 3755 757 3810 incontinentia
771 3755 932 3822 conveniri,
949 3771 1022 3810 con·

196 3849 241 3896 tra
257 3857 325 3896 eum
336 3857 403 3896 cum
414 3842 492 3898 dicto
507 3843 678 3898 marchione
688 3842 1022 3909 seditionemlecerunt,

196 3945 284 3999 quem
300 3928 496 3984 nihilominus
512 3931 541 3983 in
554 3931 663 4001 populo
681 3929 938 4000 ditl'amantesper
949 3931 1024 3986 duos

196 4017 232 4071 de
248 4017 336 4072 sociis
352 4017 413 4072 suis
438 4018 475 4074 ad
499 4018 600 4072 sedem
627 4024 721 4088 apost.
747 4019 956 4089 appellarunt;
972 4021 1024 4075 sed

195 4103 311 4160 duobus
323 4104 475 4160 mensibus
487 4111 554 4176 post
564 4107 684 4177 elapsis,
698 4106 875 4178 paenitentia
885 4107 977 4176 ducti,
988 4107 1024 4164 ab

196 4211 231 4250 eo
247 4194 361 4250 veniam
377 4194 573 4266 postulantes,
590 4195 723 4250 remissis
737 4195 878 4267 utrinque
895 4196 1024 4268 injuriis,

197 4283 226 4338 in
238 4283 330 4354 ipsius
342 4283 466 4355 gratiam
477 4283 715 4338 redierunt.Cum
725 4289 825 4339 autem
836 4286 1026 4356 postmodum

196 4371 372 4428 venerabilis
387 4372 479 4426 frater
493 4378 595 4428 noster
611 4371 965 4446 Pisanarchiepiscopus,
983 4375 1027 4431 le-

1077 3225 1173 3276 tarum
1198 3228 1228 3278 et
1254 3239 1307 3294 per
1335 3241 1422 3280 suum
1450 3225 1627 3282 canonicum
1653 3227 1798 3282 obtinere
1815 3242 1822 3281 ε
1839 3225 1907 3296 quin

1076 3311 1175 3381 potius
1198 3311 1256 3366 duo
1281 3311 1317 3368 de
1343 3312 1460 3370 clericis
1475 3315 1547 3383 suis,
1570 3321 1637 3387 post
1653 3315 1771 3390 appell.
1798 3314 1836 3372 ad
1855 3329 1905 3369 nos

1075 3399 1294 3472 interpositam,
1310 3407 1424 3475 septem
1448 3419 1540 3475 panes
1564 3421 1678 3475 cereos,
1696 3423 1774 3479 quos
1797 3404 1834 3462 ad
1855 3402 1904 3459 do-

1076 3503 1158 3543 mam
1174 3489 1286 3560 Templi
1300 3491 1446 3560 mittebat,
1461 3492 1516 3548 sibi
1532 3509 1585 3565 per
1598 3493 1778 3552 violentiam
1801 3493 1902 3550 abstu-

1076 3576 1185 3635 lerunt.
1202 3581 1277 3645 Quia
1288 3597 1355 3636 vero
1372 3588 1479 3638 neutra
1493 3583 1622 3654 partium
1646 3584 1741 3640 iidem
1762 3582 1848 3641 nobis
1862 3582 1902 3637 fa-

1077 3685 1144 3724 cere
1159 3675 1276 3741 poterat
1289 3669 1326 3726 de
1341 3670 1636 3742 praemissismausam
1646 3673 1747 3745 ipsam
1756 3674 1793 3729 de
1808 3672 1902 3729 volun·

1077 3764 1137 3816 tate
1162 3760 1297 3832 ipsorum
1311 3761 1393 3816 vobis
1407 3761 1546 3818 duximus
1570 3763 1839 3830 committendam
1854 3776 1903 3833 per

1078 3849 1241 3921 apostolica
1255 3849 1364 3921 scripta
1373 3850 1505 3906 districte
1519 3851 1721 3924 precipiendo
1730 3851 1903 3908 mandantes

1079 3944 1237 4009 quatenus,
1252 3937 1276 3992 si
1291 3938 1411 3994 remita
1426 3940 1566 3994 noveritis
1581 3955 1612 3995 se
1628 3940 1753 4010 habere,
1770 3955 1836 3996 cum
1851 3937 1902 3992 lai·
1954 3977 1955 3982 η

1079 4027 1122 4084 cis
1137 4043 1226 4098 super
1251 4027 1390 4083 Ecclesiis
1417 4032 1446 4082 et
1461 4028 1597 4100 personis
1613 4028 1826 4086 ecclesiasticis
1845 4039 1900 4082 non

1080 4117 1119 4173 sit
1134 4117 1276 4173 attributa
1290 4121 1432 4189 potestas,
1448 4117 1592 4189 quidquid
1607 4135 1625 4174 a
1640 4119 1802 4192 sepedicto
1825 4131 1900 4172 mar·

1079 4205 1187 4261 chione
1201 4211 1231 4260 et
1252 4205 1417 4260 fautoribus
1430 4206 1495 4276 ejus
1518 4206 1549 4262 in
1564 4206 1774 4278 prejudicium
1788 4217 1900 4276 pranc-

1080 4294 1185 4350 minati
1202 4293 1345 4349 Arbcren.
1362 4293 1577 4366 archiepiscopi
1592 4294 1638 4348 vel
1660 4295 1800 4352 Ecclesia
1816 4305 1901 4347 ncre-

1080 4383 1146 4439 ritis
1161 4385 1338 4438 attentatum
1354 4381 1565 4438 denuntiantes
1580 4383 1699 4454 penitus
1714 4399 1776 4440 noa
1791 4387 1897 4444 tenere,

195 4465 279 4533 gatus
291 4459 519 4529 Sardiniae,illuc
534 4461 674 4528 venisset,
683 4461 824 4532 praelatus
834 4463 905 4519 P.de
917 4463 1021 4520 Staara
1036 4469 1063 4536 D
1079 4471 1117 4528 ad
1127 4469 1296 4526 taciendam
1311 4469 1368 4524 sihi
1381 4471 1604 4526 restitutionem
1618 4472 1784 4543 plenariam
1798 4465 1896 4541 presla-

196 4548 322 4604 clericus
332 4547 654 4620 Arborenprocuratcr
666 4565 683 4604 a
696 4549 824 4622 capitulo
836 4551 1025 4624 constitutas,

197 4653 287 4710 super
300 4637 433 4692 remissis
448 4637 481 4708 [s.
498 4637 672 4712 premissis]
692 4638 832 4694 conviciis
847 4641 959 4696 dictum
974 4659 1021 4697 ar·

195 4727 417 4797 chiepiscopum
433 4726 469 4782 ad
485 4727 587 4781 sedem
602 4726 882 4798 ap.appellavit.Sed
897 4729 928 4784 in
944 4747 1021 4802 prm·

196 4818 291 4873 sentia
300 4814 369 4871 dicti
380 4816 594 4890 archiepiscopi
602 4817 701 4872 Pisani
711 4818 1021 4890 partibusconstitatis

142 4895 143 4900 ἵ
195 4923 263 4962 cum
278 4905 412 4961 canonici
427 4904 686 4962 Arborenihidem
697 4905 807 4962 vellent
823 4924 908 4963 suum
923 4909 1021 4965 archi-

195 4995 367 5068 episcopum
378 4994 536 5050 convenire
549 5011 585 5049 ne
595 4995 811 5065 provocationis
820 4996 964 5053 henellcic
974 5013 1021 5054 re-

196 5085 356 5158 sponderet
370 5085 451 5140 cisse
461 5084 814 5150 tuentem,renuntiantes
827 5086 1019 5158 appellationi

194 5191 285 5245 quam
300 5173 441 5242 lacerant,
458 5171 538 5243 quod
554 5171 670 5228 nollent
685 5172 792 5228 habere
808 5189 915 5246 papam
931 5177 1020 5248 [spa-

193 5261 1017 5334 storemlnisiPisanumarchiepiscopumresponderunt.

193 5353 265 5406 Cum
276 5359 376 5408 autem
387 5357 506 5407 coactus
515 5350 551 5406 ab
562 5351 667 5405 eodem
683 5351 905 5424 archiepiseopo
921 5359 954 5408 ut
967 5355 1020 5410 ad-

192 5441 329 5496 versariis
358 5437 554 5511 responderet
587 5438 776 5494 securitatem
807 5439 863 5496 sibi
893 5458 910 5498 a
939 5459 1020 5499 mar-

192 5529 296 5586 chione
308 5528 372 5585 dari
387 5544 421 5584 ac
431 5528 492 5583 suis
506 5531 620 5598 peteret
634 5530 664 5582 et
678 5526 768 5582 etiam
792 5527 967 5588 advocatum
991 5540 1035 5602 et=

193 5618 224 5677 id
238 5617 373 5676 obtinere
388 5632 448 5674 non
462 5619 574 5690 posset,
584 5615 621 5673 ad
637 5631 795 5675 commune
810 5620 1019 5694 appellationis

1081 4563 1144 4613 tum
1159 4556 1362 4612 marchionem
1377 4561 1407 4612 et
1421 4557 1581 4630 complices
1597 4571 1676 4626 suos,
1692 4559 1774 4616 omni
1786 4559 1896 4614 contra·

1076 4645 1207 4702 dictione
1222 4651 1251 4700 et
1265 4646 1466 4717 appellatione
1476 4647 1729 4720 cessantibus,per
1743 4655 1892 4702 censuram

1076 4733 1307 4790 ecclesiasticam
1321 4733 1509 4805 compellatis
1521 4752 1528 4802 ;
1544 4740 1574 4790 et
1592 4751 1653 4791 non
1669 4734 1803 4792 obstante
1817 4725 1889 4801 quod

1075 4821 1251 4894 sepedictus
1265 4822 1625 4896 Piramarchiepiscopus,
1639 4829 1707 4896 post
1723 4817 1890 4896 appellatio-

1074 4927 1144 4967 nem
1159 4910 1198 4966 ad
1212 4927 1267 4967 nos
1290 4911 1496 4983 interpositam
1514 4918 1543 4968 et
1558 4913 1614 4968 iter
1632 4918 1781 4985 arreptum
1796 4905 1832 4964 ad
1846 4918 1886 4958 ae·

1074 4999 1142 5056 dem
1168 4999 1361 5070 apostolicam
1384 4999 1530 5069 veniendi,
1560 5000 1612 5056 lite
1636 5017 1697 5057 non
1732 4995 1887 5057 contestata

1073 5089 1240 5161 presertim
1254 5089 1285 5144 in
1300 5089 1459 5158 criminali,
1470 5096 1574 5147 contra
1589 5105 1656 5146 eum
1672 5095 1761 5146 testes
1774 5080 1884 5152 recepit,

1074 5178 1191 5234 sicutex
1201 5177 1645 5251 insinuationelitterarumejus
1659 5167 1884 5251 liquidciutelle·

1074 5270 1183 5336 ximus,
1199 5285 1288 5340 super
1303 5268 1442 5326 omnibus
1463 5287 1528 5340 qua
1555 5271 1711 5327 adversum
1733 5283 1763 5326 se
1793 5265 1884 5337 partes

1075 5357 1214 5414 duxerint
1231 5358 1443 5429 proponenda;
1459 5359 1528 5414 etsi
1552 5359 1631 5416 bona
1645 5358 1781 5416 Ecclesia
1798 5349 1881 5424 ipsiut

1073 5446 1288 5518 archiepiscopi
1300 5451 1432 5519 tempore
1441 5447 1589 5504 diminuta
1596 5454 1665 5504 sant
1673 5449 1717 5508 vel
1727 5446 1811 5504 etiam
1819 5451 1882 5508 aug·

1073 5539 1217 5602 mentata,
1230 5537 1340 5592 vocatis
1354 5536 1391 5592 ad
1405 5551 1455 5592 vos
1470 5537 1520 5608 qui
1535 5537 1648 5594 luerint
1661 5533 1807 5600 evocandi,
1822 5527 1879 5588 sine

1073 5638 1268 5700 personarum
1280 5624 1812 5700 acceptioae‚sclum1leumhabentes
1824 5629 1878 5693 pra
1954 5657 1955 5664 κ
