3918 6014
837 193 1038 250 tuuocuttttt
1056 195 1095 250 111
1115 197 1217 253 PAPAE
1866 219 1885 256 c

169 307 241 381 lorte
260 319 405 394 perpauci,
422 320 537 378 nuntios
551 335 617 378 suos
630 319 664 377 ad
689 319 788 381 sedem
811 319 995 392 apostolicam
1009 325 1035 390 A
1054 321 1126 379 toret
1141 323 1171 379 in
1188 323 1241 380 boc
1255 325 1374 382 articulo
1388 325 1560 384 laciendum.
1577 326 1685 394 Quibus
1703 327 1884 384 unanimiter

170 411 357 481 destinantes,
373 427 424 482 per
442 425 514 481 quos
537 409 674 481 quasdam
700 409 906 478 excusationes,
931 409 998 466 licet
1053 413 1290 482 respondentibus
1330 415 1403 484 quod
1440 416 1598 486 parendum
1625 422 1686 472 erat
1711 417 1882 489 apostolicas

170 499 297 568 frivolas,
323 499 551 572 praetendebant:
586 498 636 556 sed
666 497 880 569 promittebam,
910 500 995 570 quod.
1051 500 1717 574 sedismandatis,ocsesirltabaruuoulosuo,
1739 505 1881 561 liemeosi

171 213 236 254 xcix
288 195 291 200 ’

170 589 231 647 illis
247 589 394 662 expositis,
410 589 433 645 si
449 589 564 646 domum
579 587 702 659 placeret
720 604 833 646 summo
857 587 996 659 pontilici,

170 679 344 737 sententiam
360 677 553 734 observarent.
571 678 640 734 Cum
657 679 742 749 igitur
756 692 885 734 summus
900 677 996 748 poull-

170 769 215 827 ler
231 767 428 825 excusationes
443 765 510 823 illes
523 767 744 824 euidentissimis
759 767 918 823 rationibus
940 766 995 822 im·

169 856 309 928 probaret,
326 856 462 929 precepit
477 855 595 926 eisdem,
612 865 642 912 ut
657 863 682 912 et
698 856 753 928 ipsi
767 856 872 927 pariter
897 853 995 912 obser·

168 956 267 1005 vacent
281 948 452 1005 sententiam
467 947 620 1006 interdicti.
637 948 700 1018 Qui,
722 947 818 1005 audito
842 949 993 1020 precepto,

168 1035 316 1095 bumiliter
332 1043 497 1108 perparuam
514 1036 611 1108 sieque
630 1041 689 1094 tota
713 1045 786 1094 terra
809 1036 883 1108 regis
906 1025 999 1092 Fran·'

167 1142 267 1184 corum
293 1125 456 1184 arctissimo
480 1133 523 1182 est
543 1126 693 1184 interdicto
718 1125 992 1196 conclamitans,

9 1195 11 1206 ’
119 1241 121 1250 ’
167 1217 271 1275 clausis
288 1215 427 1285 ecclesiis,
444 1230 585 1286 nusquam
601 1215 631 1274 in
646 1215 816 1274 coemeteriis
835 1213 992 1285 sepeliren-

1049 588 1273 664 arcbiepiscopo,
1290 591 1337 663 qui
1366 592 1537 649 sententiam
1567 593 1678 650 divortii
1708 592 1880 664 promulga-

1049 685 1135 745 verat,
1153 687 1248 737 utrum
1264 695 1359 737 aarum
1375 689 1448 738 essct
1463 683 1537 754 quod
1554 683 1610 738 sibi
1638 683 1771 739 dominus
1799 698 1882 756 papa

1048 768 1211 839 scripserat,
1226 768 1456 842 videlieet-quod
1472 770 1522 827 ille
1537 786 1597 828 non
1614 780 1674 828 erat
1699 773 1812 829 divortii
1829 773 1882 828 dl·

1048 858 1138 913 eenda
1153 859 1304 930 sententis,
1319 860 1366 916 sed
1384 859 1500 916 ludibrii
1511 859 1790 919 tabulanomlaanda
1801 863 1877 934 (80).

1048 946 1182 1014 Quicum
1197 947 1389 1020 respondisset
1404 964 1503 1006 verum
1528 964 1590 1006 esse
1616 950 1689 1022 quud
1718 949 1881 1022 scripserat

1047 1050 1175 1092 sumanus
1190 1037 1389 1110 pontifex(nou
1405 1039 1486 1095 enlm
1502 1039 1624 1096 audebat
1644 1038 1722 1096 aliud
1749 1055 1880 1111 respon·

1047 1124 1134 1197 dere),
1174 1126 1269 1184 statim
1308 1143 1356 1184 rex
1394 1126 1503 1196 intulit,
1531 1129 1650 1186 dicens:
1681 1151 1695 1181 a
1725 1129 1809 1202 Frgo,
1841 1136 1877 1186 lu

1046 1227 1078 1268 ee
1093 1213 1195 1270 stultus
1209 1221 1236 1271 et
1252 1215 1358 1282 latuus,
1372 1217 1440 1288 quin
1458 1223 1552 1275 tamen
1572 1218 1743 1275 sententiam
1770 1224 1878 1291 protu-

167 1311 211 1361 tur
226 1321 344 1376 corpora
360 1311 562 1368 mortuorum·
577 1305 645 1376 quin
669 1305 753 1362 etiam
778 1318 863 1376 super
886 1310 991 1360 terrum
1046 1301 1114 1359 listi.
1132 1323 1146 1352 a

165 1393 354 1452 servabantur
369 1393 490 1452 ubilibet
518 1393 670 1466 insepulta.
1082 1391 1151 1448 LlV.
1169 1391 1308 1450 Remiseis
1325 1393 1410 1465 igilur
1425 1394 1545 1466 nuntiis,
1560 1395 1696 1468 instabat,
1721 1403 1751 1454 ut
1779 1398 1875 1469 prius,

202 1483 273 1538 tttt.
289 1483 346 1540 ilex
360 1491 456 1540 autem
471 1483 502 1540 in
518 1490 627 1540 tantam
643 1482 870 1554 indignationem
887 1497 990 1538 esaan·
1045 1481 1119 1551 quod
1144 1480 1284 1552 videlicet,
1315 1481 1441 1540 relaxato
1465 1483 1627 1549 interdicto,
1651 1495 1876 1557 cognosceretur

165 1569 236 1641 duit,
253 1579 283 1629 ut
297 1572 446 1644 episcopos
460 1579 488 1629 et
502 1571 574 1630 alios
589 1572 721 1642 clericos,
736 1572 785 1643 qui
796 1572 991 1644 primoserva-
1044 1568 1164 1640 dejure.
1180 1571 1244 1642 sed,
1260 1585 1325 1627 oum
1340 1587 1393 1628 nec
1409 1571 1506 1644 minis,
1518 1588 1572 1630 nec
1586 1573 1788 1646 praelucanae
1803 1591 1876 1650 pro-

163 1666 267 1719 reruut
289 1663 484 1734 interdictum,
509 1661 545 1718 ab
568 1661 696 1720 ecelesiis
721 1661 780 1717 suis
802 1661 907 1718 laceret
929 1660 987 1717 rio·
1045 1657 1140 1714 missis
1176 1659 1290 1716 animus
1327 1661 1432 1717 summi
1468 1663 1613 1732 pontilicis
1649 1664 1723 1720 beuti
1759 1671 1872 1736 posset,

165 1751 428 1824 lentcrespelli,et
450 1751 525 1808 bona
550 1751 647 1808 omnia
675 1750 810 1823 occupari
838 1749 905 1824 (77).
922 1749 987 1821 Sed,
1045 1747 1075 1804 iu
1105 1748 1288 1805 laudamento
1309 1749 1426 1822 justitie
1452 1749 1598 1821 solidatus,
1628 1752 1717 1824 ipsius
1748 1753 1872 1812 arbitrio

164 1855 230 1897 curn
246 1841 327 1913 plebs
342 1841 474 1898 universa
489 1841 636 1910 clamaret,
652 1856 702 1896 rus
714 1841 773 1912 jam
803 1855 862 1897 nou
891 1839 988 1896 valens
1042 1853 1071 1894 se
1109 1838 1254 1896 submisit.
1293 1840 1347 1904 Qui
1384 1839 1581 1911 Octavianum,
1617 1843 1776 1900 Ostiensem
1804 1845 1872 1915 epi·

119 1919 120 1922 '
169 1929 371 1988 ecclesiastice
395 1929 555 1988 seueritatis
569 1931 711 1988 sustinere
726 1929 859 2007 rigorem,
874 1929 990 1986 nuntios
1041 1943 1158 2000 scopum
1174 1929 1241 2001 (81),
1256 1929 1380 2002 legatum
1395 1931 1424 1986 in
1440 1931 1589 1989 Francicus
1618 1933 1768 1991 destinarit
1797 1935 1871 2008 (82),

164 2034 240 2093 suos,
255 2020 392 2092 quosdam
408 2018 538 2078 uidelicet
553 2018 682 2087 clericos,
698 2026 725 2076 et
749 2019 886 2092 quosdam
911 2017 986 2074 mill·
1042 2017 1127 2074 talem
1143 2018 1200 2074 sibi
1215 2019 1335 2076 termam
1359 2018 1520 2092 prefigens,
1545 2028 1575 2078 ut
1599 2029 1666 2080 aute
1688 2023 1796 2096 omnia,
1821 2041 1871 2080 sa·

164 2112 218 2178 les,
234 2110 269 2166 ad
284 2125 429 2166 summum
444 2110 610 2182 pontificem
625 2108 786 2179 destinarit,
806 2123 987 2180 conquerens
1041 2105 1233 2165 tisluctioncm
1248 2107 1407 2179 plenariam
1422 2109 1458 2165 de
1471 2111 1584 2168 damnis
1612 2119 1639 2168 et
1666 2112 1782 2183 iniuriis
1808 2113 1873 2171 cle·

163 2197 361 2270 multipliciter
375 2200 411 2256 de
425 2199 518 2273 lugeto
532 2199 601 2272 (78),
616 2199 664 2256 sod
679 2206 772 2256 temen
789 2197 913 2255 olierens
937 2212 987 2268 per
1042 2195 1110 2254 ricis
1124 2206 1152 2254 et
1179 2197 1308 2254 ecclesiis
1336 2199 1479 2270 irrogatis,
1506 2200 1610 2258 iaceret
1637 2202 1764 2260 exbiberi
1781 2245 1788 2273 ,
1815 2206 1868 2270 ita,

163 2288 456 2359 eosdemiurstorlum
473 2289 647 2357 cautionem,
663 2288 735 2360 quod
761 2302 857 2343 coram
885 2286 987 2358 legatis
1042 2287 1115 2357 quod
1144 2286 1174 2354 ii,
1203 2285 1250 2358 qui
1280 2287 1600 2360 propterobedieutiam
1626 2296 1653 2346 et
1679 2293 1867 2350 reuerentiam

161 2375 205 2435 rel
220 2375 357 2450 delegatis
367 2376 514 2449 jndicibus
529 2384 602 2435 stare
613 2377 683 2449 J‘uri.
700 2375 807 2442 Quibus
822 2375 986 2449 prudentis·
1040 2374 1202 2446 apostolicus
1217 2375 1292 2432 sedis
1306 2391 1404 2448 graves
1428 2378 1555 2449 perpessi
1579 2377 1690 2436 inerant
1717 2388 1866 2437 contume-

160 2467 250 2524 simus
265 2484 338 2541 papa
363 2468 519 2538 respondit,
549 2467 624 2539 quod
653 2466 888 2538 distinguendum
916 2472 986 2538 erut,
1041 2463 1335 2538 liasetjeclurasper
1354 2467 1538 2537 apostolicam
1567 2467 1663 2526 sedem
1690 2469 1745 2526 sibi
1773 2471 1865 2528 senti-

160 2565 258 2614 utrum
273 2564 348 2614 stare
362 2556 449 2614 uellet
462 2556 519 2628 juri
534 2557 650 2627 dictato,
666 2556 709 2614 vel
724 2556 781 2629 luri
795 2555 947 2623 dictando;
962 2555 986 2611 si
1042 2559 1106 2610 rent
1120 2563 1146 2611 et
1161 2556 1317 2624 gauderent
1332 2570 1458 2628 congrue
1468 2556 1644 2614 setislaetum
1657 2574 1665 2626 ;
1680 2558 1796 2628 deinde,
1816 2575 1865 2616 su·

157 2645 217 2718 juri
227 2646 344 2715 dictato,
357 2652 387 2701 ut
399 2645 540 2716 uidelicet,
551 2645 710 2704 secundum
719 2645 766 2717 jars
776 2645 849 2715 quod
865 2644 986 2702 dictare-

161 2740 214 2802 rat,
231 2735 464 2807 superinductam
479 2753 496 2791 a
511 2751 561 2793 suo
572 2740 730 2793 removeret
740 2735 892 2807 consortio,
909 2740 935 2792 et
947 2750 987 2791 rc·

159 2825 256 2900 ginam
271 2825 408 2897 reciperet
423 2825 604 2895 antedictum,
622 2825 744 2883 libenter
759 2825 896 2895 reciperet
919 2839 987 2881 cau·

157 2912 346 2980 tionem,inro
355 2914 417 2971 sine
427 2913 557 2970 cautione
568 2913 705 2986 qualibet,
718 2913 933 2983 sibenbaum,
945 2928 986 2969 re·

158 3003 266 3060 laxaret
280 3003 451 3058 sententiam
466 3001 621 3073 interdicti,
641 3002 795 3076 dummodo
819 3001 899 3073 prius
922 3001 984 3072 epi·

1041 2644 1240 2715 perinductam
1256 2645 1425 2716 praeciperet
1438 2663 1455 2702 a
1471 2645 1544 2718 regis
1559 2647 1702 2705 consortio
1717 2655 1772 2704 tam
1800 2664 1865 2706 car·

1041 2734 1145 2792 naliter
1157 2750 1241 2808 quem
1262 2735 1389 2792 localiter
1416 2737 1563 2804 removeri,
1595 2743 1625 2794 ut
1653 2753 1710 2794 non
1739 2738 1864 2796 soluma

1041 2825 1115 2896 regis
1129 2823 1320 2896 amplexibus,
1335 2840 1433 2882 verum
1449 2826 1534 2882 ctiam
1550 2827 1657 2899 aregui
1671 2827 1777 2885 linibus
1787 2829 1864 2886 lace·

1041 2921 1082 2970 ret
1096 2913 1175 2969 illam
1189 2913 1313 2982 excludi,
1327 2916 1355 2971 et
1370 2914 1513 2986 praelatam
1529 2915 1655 2987 reginam
1670 2915 1707 2973 ab
1722 2917 1784 2988 ipso
1799 2933 1864 2990 rege

1040 3000 1205 3059 solemniter
1219 3002 1319 3074 recipi,
1335 3010 1364 3060 et
1391 3004 1522 3075 regaliter
1545 3006 1720 3078 pertractari,
1749 3015 1864 3080 recepta

158 3090 635 3163 scopietclerioidestiiuliplenam
647 3090 983 3148 luisscnlreslitutionem
998 3067 1020 3136 C
1038 3091 1152 3163 publice
1162 3090 1301 3163 juratoria
1315 3092 1456 3161 cautione,
1473 3093 1547 3164 quod
1573 3109 1635 3150 eam
1666 3095 1729 3152 sine
1754 3095 1864 3166 jndicio

160 3179 265 3253 adepti.
281 3179 309 3235 Si
325 3194 391 3236 sero
403 3179 765 3250 iuridictandeaideliool,
777 3186 817 3252 ut,
827 3179 983 3237 secundum
1039 3179 1169 3237 Ecclesia
1185 3195 1243 3238 non
1259 3180 1432 3250 dimitteret;
1449 3182 1526 3238 etsie
1537 3181 1676 3240 relaxaret
1687 3186 1864 3244 sententiam
1948 3209 1949 3212 ¹

157 3270 204 3342 jus
220 3269 294 3340 quod
307 3268 437 3336 dictaret,
466 3266 615 3324 allin‘tetis
637 3267 817 3325 decideretur
837 3267 982 3324 articulus.
1038 3270 1193 3340 interdicti,
1208 3279 1350 3328 reseruata
1365 3269 1420 3328 sibi
1435 3271 1611 3329 correctione
1624 3273 1738 3331 illorum
1755 3275 1802 3346 poi
1827 3277 1863 3334 ab

159 3356 981 3430 oeutionenuoblatamreoiperetadcautelam,dummodo,
1036 3359 1120 3418 initio
1148 3375 1208 3417 nou
1237 3369 1420 3418 serraverunt
1444 3361 1643 3420 interdictum.
1673 3363 1707 3420 ΕΙ
1733 3364 1770 3434 si,
1800 3374 1864 3436 post

157 3447 330 3522 superducta
344 3449 461 3516 remota,
479 3446 605 3518 reginam
618 3447 697 3519 prius
712 3448 850 3519 reciperet
872 3461 982 3504 memo·
1036 3450 1197 3522 trequentes
1211 3457 1239 3508 et
1252 3450 1404 3524 diligentes
1431 3451 1645 3509 admonitiones
1670 3459 1697 3510 ct
1725 3453 1861 3512 exhorta·

156 3553 246 3603 rutam
260 3545 329 3618 (79).
1035 3541 1126 3597 tiones
1140 3540 1215 3598 idem
1231 3556 1278 3598 res
1294 3541 1438 3612 praelatam
1451 3540 1577 3612 reginam
1599 3541 1672 3600 sicut
1700 3542 1858 3616 legitimam

190 3632 980 3706 Hoosulemcumrexpernuntiossuos,asedeapo·
1035 3627 1138 3686 babere
1176 3628 1265 3686 nollet
1294 3645 1423 3700 uxorem,
1444 3632 1494 3687 sed
1522 3630 1620 3687 mallet
1643 3632 1857 3692 matrimonium

154 3723 255 3780 stelles
279 3728 462 3790 revertentes,
487 3722 624 3791 audisset,
655 3721 776 3793 spiritus
804 3722 867 3794 ejus
894 3724 980 3794 coepit
1032 3731 1176 3784 totusue,
1192 3717 1433 3789 praectpileidem
1457 3718 1557 3789 legato,
1586 3725 1628 3790 ut,
1655 3735 1706 3791 pro
1735 3722 1856 3780 termino

154 3810 486 3884 multipliciterauxieri‚
501 3811 567 3882 quia
582 3827 636 3868 nec
660 3810 739 3868 illam
769 3811 879 3871 uolebat
906 3813 979 3870 reoi-
1032 3809 1221 3880 peremptorio
1236 3809 1270 3864 ad
1285 3809 1478 3866 inchoandam
1501 3823 1629 3882 causam,
1658 3811 1782 3882 spatium
1807 3829 1857 3871 sex

155 3915 232 3973 pere,
247 3915 315 3956 oum
330 3897 453 3956 babebat
465 3899 649 3957 vehementer
663 3917 788 3974 exosam,
813 3918 867 3961 nee
890 3901 978 3960 istam
1031 3897 1173 3954 mensium
1187 3896 1355 3969 assignaret,
1372 3898 1448 3955 iutra
1462 3899 1548 3970 qnod,
1575 3901 1600 3956 sl
1628 3900 1744 3972 prelata
1771 3903 1856 3961 vellat

152 3991 306 4057 dimittere,
321 4003 404 4058 quam
423 3987 544 4044 babebat
558 3989 649 4046 nimis
676 3998 833 4060 acceptam.
859 3991 975 4062 Verum,
1030 3989 1138 4060 regina,
1177 3997 1406 4046 commoneretur
1436 4003 1484 4047 res
1518 3989 1676 4059 Decorum,
1704 4007 1856 4064 germanus

151 4075 977 4150 convocatisquisbusdampriaoipibus,tamecolesiasticis
1028 4076 1129 4148 ipsius,
1145 4078 1221 4134 uted
1250 4079 1446 4134 defensionem
1472 4077 1563 4151 ipsius
1589 4079 1663 4136 siros
1688 4083 1855 4156 prudentes,

150 4183 236 4242 quam
251 4164 417 4234 mundanis,
433 4167 518 4238 coepit
534 4165 691 4225 deliberare
706 4183 771 4226 cum
787 4167 845 4226 illis
858 4170 926 4242 quid
948 4168 975 4229 el
1028 4182 1092 4225 oum
1107 4166 1249 4224 advocatis
1262 4174 1289 4224 et
1304 4169 1432 4236 testibus,
1463 4175 1491 4224 et
1517 4167 1581 4224 allis
1609 4167 1781 4240 quibuslibet
1804 4189 1854 4230 ue·
1948 4239 1949 4244 .

160 4341 163 4347 ·
184 4319 240 4394 (tt)
266 4317 370 4376 Conler
385 4316 535 4402 epistolam
562 4319 597 4374 15
624 4317 691 4376 libri
716 4321 802 4392 tertii,
818 4321 972 4396 Octauiani,
1026 4337 1089 4377 cum
1105 4335 1247 4394 receptssc,
1262 4326 1287 4377 et
1302 4321 1359 4393 cpit
1371 4319 1494 4378 macuta
1507 4320 1638 4386 divortii:
1653 4324 1808 4391 siuudulut
1819 4359 1852 4371 -

148 4392 271 4465 episcopi
286 4389 468 4472 Ostienstsnud
478 4407 603 4517 ΓηραιηἹς
620 4390 793 4516 8111811188..
883 4464 888 4476 ,
907 4467 912 4478 .
955 4469 960 4480 ι
988 4442 1013 4506 D
1031 4394 1077 4476 18,
1089 4392 1400 4476 iunocentiiuodnrepem
1422 4398 1595 4450 Francorum
1607 4415 1614 4464 ;
1626 4412 1681 4468 quo
1709 4400 1853 4483 respmtdat

145 4462 475 4618 ..ttllttttttttt
489 4466 616 4606 tupi,
632 4462 697 4592 lit
721 4471 806 4606 11113
834 4464 973 4597 illiti
1027 4466 1449 4618 tttttt{tritulus}
1463 4468 1852 4616 '‘itttltttt‘ttttt

147 4607 249 4666 eudem
265 4621 327 4662 esse
341 4605 461 4661 videtur.
1028 4607 1169 4675 Ostienses,
1183 4608 1215 4664 Α.
1230 4611 1260 4664 S.
1278 4607 1308 4662 l..
1324 4607 1360 4662 ud
1373 4623 1492 4680 pappum
1509 4625 1567 4681 quo
1580 4609 1720 4682 siguificat
1733 4613 1770 4682 ei,
1786 4615 1851 4685 pald

183 4675 241 4750 (79)
277 4677 402 4733 Habetur
429 4675 553 4745 uuluam,
580 4675 652 4733 libro
684 4677 775 4748 lertio,
806 4678 972 4750 responsiva
1023 4694 1107 4751 super
1134 4680 1241 4748 capulio
1255 4678 1370 4735 diuortii
1385 4681 1458 4735 iuter
1471 4696 1563 4752 repam
1577 4684 1603 4737 ct
1619 4685 1745 4753 reptatam
1759 4687 1850 4742 Fran·
1948 4701 1949 4708 ¹

144 4752 274 4820 quedam
290 4745 450 4804 innocentii
465 4747 585 4818 epistola
599 4749 633 4803 ad
654 4763 748 4820 regem
773 4765 803 4806 n.
835 4751 878 4822 18,
905 4769 970 4823 quae
1024 4749 1237 4822 corumeperit3
1254 4750 1315 4807 sine
1330 4751 1398 4806 dolo
1420 4768 1475 4820 ;-
1504 4753 1548 4823 16,
1577 4754 1731 4812 laureantia·
1754 4755 1790 4812 ud
1819 4757 1848 4815 0.

142 4827 208 4878 dats
222 4821 326 4879 dieitur
340 4820 474 4875 laterani
476 4859 566 4875 ........
583 4834 656 4876 auco
672 4835 712 4876 ιιι.
728 4821 785 4876 Sed
795 4821 825 4879 in
835 4823 887 4879 illa
897 4823 969 4882 nibil
1023 4824 1179 4895 episcopum
1194 4820 1354 4890 Ostiensem,
1370 4824 1400 4878 l.
1417 4821 1445 4878 S.
1463 4826 1492 4878 t.
1506 4841 1561 4896 pau
1575 4825 1719 4897 respondet
1728 4830 1849 4899 epistolas

141 4891 352 4964 deiisquaeab
379 4897 495 4948 auctore
523 4889 672 4948 Gestorum
701 4903 895 4964 exponuntur,
924 4912 969 4953 rc·
1021 4895 1167 4966 superiert,
1183 4898 1208 4950 st
1239 4893 1304 4965 puisi
1319 4895 1349 4949 iu
1364 4909 1396 4950 cc
1409 4895 1585 4964 rudgaudum
1605 4900 1652 4966 sit,
1673 4897 1847 4972 praescribit:
1948 4913 1949 4918 ¹

139 4966 235 5036 parire
251 4971 302 5021 cst.
1022 4965 1085 5024 sinc
1099 4965 1184 5034 datu;
1200 4964 1291 5031 -13,
1309 4964 1420 5034 odonis,
1436 4967 1602 5024 Parieteusis
1616 4969 1746 5043 episcopi,
1762 4971 1847 5044 adpo

176 5037 233 5110 (80)
248 5034 352 5094 Conier
366 5029 516 5104 epistolam
532 5033 758 5106 supracitatum,
777 5035 809 5093 in
833 5044 905 5110 not,
930 5039 965 5096 sd
1019 5053 1095 5108 pum,
1111 5053 1166 5112 pun
1180 5037 1319 5108 sipnt'ficut
1332 5038 1359 5094 ei
1373 5036 1439 5109 puu'd
1455 5039 1485 5094 in
1500 5039 1619 5098 materia
1633 5041 1750 5100 diuortii
1772 5044 1846 5100 inter

143 5107 344 5189 flss0ffl551·,
505 5175 511 5188 ι
569 5177 575 5188 .
627 5175 634 5188 ι
718 5176 724 5190 ι
1020 5109 1521 5236 repcmstrapinumoctumluera'tr
1546 5111 1608 5168 sine
1636 5111 1771 5183 dutu;--
1803 5115 1844 5184 ll,

174 5181 230 5253 (81)
246 5186 287 5238 Ι)ιι
301 5189 434 5248 episcopo
446 5175 576 5260 ¹(latiensi
591 5193 701 5248 agimus
716 5191 747 5233 tn
763 5180 838 5237 notis
852 5181 886 5237 ad
901 5180 964 5254 epi·
1018 5180 1146 5252 Episcopi
1160 5181 1363 5238 Suessioncasis
1383 5197 1400 5237 o
1442 5197 1543 5252 popum
1558 5199 1565 5250 ;
1581 5183 1615 5239 dc
1641 5184 1733 5242 codem
1762 5202 1846 5255 crpu-

139 5253 242 5308 stolam
259 5251 287 5307 ll
309 5250 372 5306 libri
389 5251 474 5305 terttt.
1018 5261 1126 5320 mento;
1143 5253 1204 5310 sine
1217 5253 1307 5321 dutum
1338 5282 1358 5292 ω
1374 5254 1418 5323 11,
1440 5253 1595 5310 Innocentis
1618 5255 1653 5310 ud
1677 5257 1699 5312 l.
1721 5259 1846 5330 repletum

173 5322 230 5393 (82)
247 5322 291 5376 ud
306 5321 508 5378 illustrandam
524 5335 708 5392 rerumquae
724 5318 770 5378 bic
785 5320 820 5377 sb
848 5329 964 5382 auclore
1016 5323 1194 5394 Francorum,
1210 5322 1260 5380 ubi
1273 5321 1427 5396 siguificat,
1443 5324 1514 5396 puisi
1528 5327 1562 5382 ob
1590 5327 1747 5397 apostoticae
1770 5323 1846 5386 ‘sedis

135 5394 296 5462 Gestorum,
314 5398 475 5458 narrantur,
493 5391 606 5456 seriem,
623 5391 961 5452 conferendaesuntom·
1017 5394 1330 5466 lepulcopidcduert't,·
1359 5397 1416 5450 slat.
1435 5397 1618 5460 Lateranirx
1646 5399 1696 5456 Kal
1726 5403 1845 5458 Nouem·

134 5464 215 5522 mino
229 5463 353 5535 epistole
370 5462 436 5520 libri
453 5462 550 5519 tertii:
568 5463 614 5533 17,
628 5463 758 5534 Pltiltppt'
771 5465 842 5535 repis
861 5465 899 5521 cd
910 5483 962 5539 pc·
1016 5465 1074 5522 bris
1089 5483 1136 5524 an.
1153 5483 1186 5523 ιιι
1202 5467 1296 5530 (idest
1311 5466 1391 5540 1200)
1402 5484 1410 5536 ;
1422 5497 1458 5510 -
1474 5468 1518 5539 13,
1533 5470 1600 5540 ltept
1622 5475 1788 5546 vanorum
1812 5473 1845 5532 dc

132 5551 209 5610 pum,
226 5551 282 5612 pua
295 5534 435 5608 siguificat
448 5550 478 5591 se
491 5537 647 5593 reverenter
678 5535 799 5606 tegulum
827 5537 961 5609 apostoli·
1015 5536 1110 5596 eodem
1125 5543 1296 5614 argumento,
1313 5537 1371 5595 dat.
1385 5540 1418 5595 ut
1428 5555 1524 5614 supro.
