3918 6014
163 249 192 292 ιι
826 231 1029 294 luddcuttiti
1046 237 1086 292 111
1105 232 1209 292 PAPAE
1841 256 1897 298 ιιι

164 387 194 437 ul
203 385 265 438 oum
279 382 436 442 llareuoldo
459 384 626 458 nequissimo
638 375 756 458 ,paetum
774 402 831 441 nou
848 380 983 456 facerent,
998 365 1031 434 Α
1045 383 1104 438 uiro
1119 383 1234 455 epreplo
1248 375 1410 439 dloiesoolco
1424 398 1485 439 eum
1504 383 1632 440 omniomi
1644 387 1702 441 suis
1712 399 1815 442 nomen
1825 405 1898 443 ac-

164 485 253 543 usque
267 471 361 541 finem.
373 474 500 546 (Padum
511 478 664 548 rutiloque,
680 485 710 532 ut
723 479 781 532 ium
794 490 844 547 pro
857 473 988 530 mondolo
1043 473 1155 544 puisluil
1168 473 1313 528 seientiam.
1329 475 1426 530 Faciat
1436 473 1515 542 deur,
1531 477 1563 528 ul
1576 475 1603 528 el
1616 477 1818 546 respondeatur
1834 492 1901 531 se-

165 569 266 630 oeslro,
281 568 341 618 lum
355 563 422 634 oola
437 566 521 620 lolius
534 566 669 622 exercitus
683 567 710 622 el
730 563 832 638 populi
844 565 989 620 Panormi·
1042 561 1164 617 cundum
1178 561 1283 617 merila
1296 574 1349 617 suo
1364 561 1443 628 dona,
1459 562 1516 618 imo
1543 562 1684 634 praealora
1699 579 1783 635 opera
1808 581 1895 620 sua.

163 650 225 704 toul
234 651 367 707 tumultus
381 651 466 708 nimis
485 654 623 710 arescebat
635 663 661 711 et
685 670 824 724 murmur,
839 657 898 726 pasl
913 651 988 708 ollem
1042 649 1119 706 nolis
1133 653 1225 706 auum
1236 663 1300 706 enm
1314 665 1369 706 non
1380 651 1548 722 commendo,
1561 653 1627 724 quia
1638 667 1725 726 opero
1734 669 1785 709 sna
1797 653 1899 710 valde

165 747 294 810 quartum
307 739 381 795 inter
396 741 563 798 Panormum
583 743 888 816 etllonlem-llepolem,
908 755 988 815 quem
1044 739 1116 794 buno
1130 747 1192 795 eum
1206 739 1281 812 opud
1295 745 1417 794 uestram
1441 739 1677 811 mapnifieenliam
1700 756 1894 799 recommen-

163 827 339 882 liare-ualdus
352 828 381 881 oi
394 835 503 898 caperat
515 831 542 885 el
556 830 673 901 leuebol,
689 829 722 886 od
739 830 809 886 dora
826 831 926 894 terllae,
940 845 989 885 us·
1042 827 1121 900 donli
1131 827 1200 899 (30).

164 929 216 988 pue
229 915 333 986 lereod
347 929 470 986 nonum,
484 919 542 989 fail
557 917 623 976 diuo
635 919 857 992 iudesarlissime
873 919 987 993 praelia·
1078 915 1237 972 xxviiio
1253 916 1315 972 huo
1329 917 1396 988 lugu
1407 915 1535 988 perdidit
1550 916 1736 975 Muroualdus
1752 920 1895 976 unirer·

164 1011 232 1070 ltlm,
245 1010 271 1059 el
286 1005 413 1072 landem,
424 1005 496 1062 siout
511 1007 624 1064 Domino
637 1009 753 1082 placuit,
768 1010 989 1082 promerentibus
1043 1019 1106 1060 sum
1117 1003 1419 1078 supellectilamsuom
1430 1003 1634 1073 ;elinventum
1644 1014 1686 1062 ast
1696 1008 1727 1062 in
1743 1009 1891 1080 quodem

163 1093 267 1149 sanclis
289 1095 462 1152 arationibus
483 1089 591 1167 rosiris,
604 1099 799 1171 posi,·mullos
821 1101 912 1172 perlis
939 1100 988 1155 od.
1043 1093 1150 1150 serinia
1174 1097 1384 1149 testamentum
1408 1093 1594 1167 imperaldris
1619 1095 1746 1163 Heari'ci,
1783 1115 1894 1153 aurea

162 1196 254 1240 uersae
267 1187 381 1253 strapas,
395 1185 584 1242 mutilationes
598 1196 623 1244 et
632 1189 727 1258 aedos,
736 1195 786 1260 per
796 1190 907 1263 epre‘pii
921 1189 987 1259 uiri,
1042 1180 1124 1240 bulla
1138 1183 1340 1255 08000101,ῑο
1352 1199 1421 1255 000,
1446 1183 1523 1240 intel
1537 1185 1721 1252 caeffllashaec
1733 1187 1768 1242 de
1784 1189 1891 1243 verbo

162 1271 270 1328 domini
283 1274 450 1330 marescalci
465 1277 549 1332 uestri
560 1275 726 1348 subsidium,
742 1281 792 1351 qut
804 1287 867 1335 cam
881 1281 939 1336 sats
958 1281 988 1336 tn
1043 1271 1269 1329 continebantur
1283 1273 1319 1328 ad
1334 1273 1455 1330 verbum
1468 1273 1546 1347 (40lt
1561 1273 1739 1346 imperatae,
1760 1291 1892 1333 consors

164 1365 287 1418 valramo
302 1363 415 1434 locatus,
429 1365 989 1440 castellumtenenat,imoipseeasutlam
1041 1371 1144 1430 nostra,
1161 1367 1188 1418 et
1200 1361 1279 1432 filius
1292 1367 1384 1419 noster
1397 1363 1568 1432 Frederirus,
1591 1364 1708 1421 Domino
1741 1383 1822 1439 popa
1855 1377 1892 1422 et

163 1455 226 1505 erat
238 1452 386 1524 exercilus,
402 1456 526 1524 oplalum
540 1453 728 1513 delinimusde
756 1455 872 1514 inimico
888 1459 988 1514 trium·
1042 1451 1168 1508 Ellclell'ae
1184 1453 1315 1511 30010οἒ
1335 1452 1484 1509 euiideanl
1501 1453 1671 1527 omniajuro
1686 1469 1776 1527 0080
1797 1455 1889 1528 Υθθῑ·

163 1537 259 1612 ploum.
276 1541 308 1598 ill
321 1541 614 1614 animaliquaululum
627 1545 738 1616 plenius
760 1547 884 1620 eloquar,
902 1549 990 1620 primi
1043 1539 1092 1596 lus
1104 1539 1210 1597 Silili&
1223 1550 1421 1599 000000οΜοἰ
1435 1541 1548 1610 halim,
1564 1552 1590 1599 θ(
1603 1544 1717 1600 uaatno
1735 1559 1815 1617 00000
1831 1562 1890 1601 ⁸0·

164 1628 263 1700 nostri,
274 1631 323 1701 qui
336 1638 416 1687 eraut
429 1631 460 1686 iu
474 1631 567 1703 prima
590 1631 659 1690 delli
671 1635 745 1705 {orie
758 1637 909 1706 constituti,
927 1635 990 1694 lieet
1042 1632 1192 1688 cnriwltm
1205 1631 1322 1701 latium,
1333 1631 1417 1688 sicuti
1431 1646 1506 1702 reum
1515 1631 1624 1690 Siclliae
1633 1647 1738 1690 summo
1746 1635 1891 1706 poulifiei

163 1718 195 1774 iu
208 1715 308 1791 primis
322 1717 444 1776 uiriliter
465 1721 591 1792 iecerint,
605 1715 781 1796 quampluies
793 1721 992 1797 prosliaueriirl
1006 1721 1033 1786 B
1048 1729 1074 1778 el
1089 1723 1221 1778 llomonae
1243 1719 1374 1778 doolesiae
1396 1721 1489 1792 lacere
1514 1729 1725 1778 consueverunt.
1756 1721 1787 1779 Si
1807 1738 1889 1778 uero

163 1807 191 1863 el
205 1807 369 1876 occiderint,
396 1805 602 1867 multitudinem
617 1811 710 1869 lamen
733 1811 857 1883 illorum,
885 1817 935 1887 qni
957 1813 988 1872 iu
1042 1809 1179 1885 prediola
1200 1813 1414 1866 consorsnoslro
1436 1814 1660 1883 praemoreretur,
1676 1811 1752 1882 lilius
1778 1817 1889 1868 noster·

163 1897 237 1969 ipsor
251 1896 367 1954 insimul
386 1898 540 1970 irrueiuni,
556 1909 612 1958 non
626 1903 746 1958 vauntes
769 1901 917 1972 lustinere,
935 1903 989 1961 lis·
1041 1899 1192 1958 seeundum
1205 1897 1410 1957 ordinationem
1420 1913 1499 1956 snam
1525 1903 1685 1957 remaneat:
1701 1901 1736 1970 el,
1751 1901 1776 1956 si
1795 1899 1887 1972 filias

165 1989 239 2058 lerpu
253 1986 359 2043 dedisse
373 1989 462 2045 ooaali
470 1990 581 2056 sanan
598 1987 790 2048 denediotusu
807 1981 926 2050 Domino
943 2011 990 2050 ma
1043 1998 1134 2046 noster
1147 1988 1208 2044 slne
1223 1987 1328 2044 ldmde
1337 1987 1492 2056 decesserit,
1511 1989 1629 2059 reduald
1643 1987 1749 2045 Sieiliu
1770 1989 1805 2044 od
1821 1991 1885 2046 ito·

163 2077 347 2133 resoalausdls
361 2093 405 2133 eos
414 2075 549 2152 recopilol
560 2079 683 2153 delendil
693 2073 865 2146 indolemus,-
879 2068 905 2139 el
922 2083 990 2140 dum
1043 2095 1157 2136 monam
1168 2078 1317 2136 Ecclesiam
1329 2077 1458 2134 deveniat
1471 2077 1539 2150 (ill.
1556 2077 1598 2150 (st
1617 2093 1680 2134 uera
1694 2077 1770 2150 filius
1780 2079 1887 2136 nasler

164 2164 249 2222 nimis
263 2167 371 2237 urperel
385 2182 418 2222 oe
430 2170 567 2240 premeret
588 2169 814 2227 lleulonicorum
833 2173 860 2228 ed
883 2171 990 2246 doare-
1043 2171 1270 2240 praemorerelur,
1286 2165 1388 2222 dilecta
1402 2179 1514 2222 consors
1527 2174 1623 2222 nostru
1637 2167 1760 2238 llepaum
1771 2167 1801 2222 iu
1817 2169 1884 2224 uita

163 2269 265 2312 norum
276 2270 344 2329 pars
358 2255 429 2324 alia,
453 2256 608 2315 benedictus
630 2275 648 2314 o
666 2259 780 2316 Domini
805 2251 990 2318 Maresooleui
1043 2258 1208 2322 ranunculi
1223 2257 1258 2325 ά,
1272 2259 1332 2326 past
1346 2257 1559 2323 00009010000,
1584 2264 1702 2324 reulum
1718 2255 1823 2312 3ῑοἱὶἰο
1840 2257 1884 2312 ad

163 2353 190 2401 el
203 2346 258 2412 sui,
274 2345 447 2402 unanimiter
460 2345 778 2420 elanim'osoeonpretsi,
793 2347 824 2404 in
834 2347 903 2406 liora
916 2367 989 2420 uua,
1044 2345 1187 2402 Romunan
1212 2343 1364 2401 Ecclesiam
1377 2342 1527 2415 deveniat.)
1551 2344 1588 2399 lle
1612 2344 1731 2416 imperio
1757 2344 1881 2401 ordina·

164 2435 194 2490 in
205 2439 991 2512 punclounaeastrauertarunlsuperorum,receperuul
1045 2447 1118 2500 000,
1133 2432 1204 2504 qlod
1233 2432 1366 2488 0000ἰο03
1391 2447 1464 2504 palla
1487 2435 1513 2488 el
1540 2432 1664 2489 Ecvldlia
1693 2434 1778 2490 Roma
1804 2434 1881 2490 illud

163 2523 319 2581 ceciderunl
330 2528 357 2580 el
366 2525 680 2599 oeciderunlsequentes
689 2532 715 2584 el
721 2533 924 2602 persequentes.
940 2529 989 2586 clo·
1044 2523 1103 2594 filil
1130 2528 1224 2578 00300
1252 2522 1436 2592 confirmem
1451 2524 1487 2591 tl,
1503 2537 1553 2592 pro
1581 2521 1633 2578 hat
1660 2521 1881 2593 confimalione

162 2625 213 2670 neo
227 2611 330 2686 illiqut
350 2613 476 2685 plodium
503 2625 655 2686 euaserant,
670 2617 729 2674 loca
754 2626 906 2675 castrorum
925 2635 990 2676 cum
1044 2611 1161 2684 imperii
1173 2614 1199 2666 el
1209 2610 1298 2682 repul,
1317 2607 1446 2665 volumus
1460 2611 1532 2682 quod
1545 2615 1602 2666 lala
1629 2619 1704 2668 lurra
1717 2619 1812 2668 uoslru
1827 2627 1878 2667 oo·

130 2697 132 2702 '
162 2703 290 2760 omnibus
305 2704 432 2760 tentoriis
446 2707 472 2761 el
486 2705 567 2761 iebus
585 2706 642 2762 suis
656 2705 819 2775 desererent,
834 2716 861 2763 el
883 2723 912 2763 se
941 2723 992 2779 per
1045 2702 1159 2756 milissae
1169 2699 1881 2773 llallrildisreslilualnrdominopapaeelllomonae

163 2805 262 2862 aspera
277 2793 421 2860 montium,
437 2791 990 2864 poraonoaoaualliume'l'dosos'salerra·
1044 2790 1181 2852 deciate.
1195 2796 1298 2860 praeter
1322 2787 1483 2844 lledislnom
1497 2791 1524 2844 el
1547 2789 1716 2860 Arpelalom,
1731 2806 1795 2846 eum
1825 2806 1878 2847 ea·

163 2895 224 2936 rum
237 2879 439 2952 disperderem,
455 2886 482 2938 et
492 2881 522 2938 iu
537 2883 611 2939 olam
619 2884 908 2956 perditionisatirml.
926 2885 992 2954 Qui·
1045 2893 1109 2934 rum
1121 2875 1297 2950 peninenliii
1311 2893 1322 2940 .·
1335 2880 1361 2934 el
1372 2877 1498 2950 'insuper
1522 2879 1683 2936 ordinamus
1698 2888 1725 2937 et
1739 2881 1880 2952 volumus,

163 2966 228 3023 dam
241 2971 333 3024 aulem
347 2967 453 3038 Pisoni,
467 2973 498 3026 ul
514 2963 616 3028 dietum
643 2980 694 3040 est,
709 2969 824 3029 nume‘ro
847 2973 992 3046 quiapenll
1044 2971 1074 3024 ul
1089 2973 1147 3024 tola
1162 2971 1235 3023 lerra
1250 2967 1283 3023 de
1296 2971 1381 3023 Panlo
1397 2969 1492 3042 Paule,
1508 2985 1571 3026 oum
1586 2971 1678 3027 Mania
1693 2971 1815 3041 Forliao,
1836 2971 1878 3027 li-

162 3057 205 3116 oel
219 3057 351 3130 amplios,
363 3060 461 3132 quidus
472 3057 583 3131 puidam
601 3063 720 3132 praerat
733 3062 845 3119 nomine
856 3062 988 3120 Beoedle·
1004 3083 1030 3152 G
1046 3057 1109 3114 dere
1122 3056 1281 3113 dimidiatur
1294 3053 1404 3114 domino
1424 3074 1504 3131 popu
1525 3073 1613 3130 usque
1637 3058 1816 3131 Ceperannm,
1846 3065 1879 3116 et

162 3150 216 3219 lus,
233 3149 284 3219 qui
297 3151 322 3203 el
336 3149 394 3220 ipse
408 3147 537 3216 Pisanus,
552 3149 776 3221 doniis-lupatis
791 3155 926 3209 monlouo
950 3161 989 3209 te·
1044 3147 1116 3220 duod
1151 3145 1271 3202 Eccletia
1294 3145 1416 3202 0000000
1448 3145 1549 3204 iubent
1573 3149 1875 3218 Mortem-Fluwonem,

161 3237 276 3305 nedoni,
301 3233 328 3293 el
346 3237 460 3308 infinita
482 3237 631 3296 multitudo
648 3243 849 3298 saracenorum
869 3246 930 3298 enai
948 3241 990 3299 ida
1041 3251 1104 3292 cum
1116 3235 1243 3292 omuibus
1256 3233 1437 3307 'pertinentiis
1460 3238 1529 3292 suis.
1553 3237 1668 3307 insuper
1693 3237 1876 3310 precipimus

161 3342 226 3382 aum
240 3327 279 3383 eis
293 3325 328 3382 ad
341 3327 519 3384 custodienda
545 3327 604 3385 laea
632 3322 750 3397 deditio,
763 3331 916 3388 oonslituli.
936 3325 991 3388 Sed
1042 3322 1210 3395 Ummidii,
1227 3323 1380 3380 5908030ῑο0
1402 3327 1505 3394 Milli,
1520 3333 1552 3381 ¹²¹
1573 3323 1705 3381 duilium
1724 3327 1874 3396 30060033,

162 3417 345 3488 quamprimo
357 3418 913 3490 uunliolumesllrellum.pedilesnostri,
927 3437 991 3476 oum
1042 3417 1148 3469 leriam
1162 3409 1338 3478 Blillvlwn'l',
1349 3417 1378 3466 θ(
1396 3410 1546 3467 'alchim
1559 3411 1805 3468 immanentem
1825 3431 1875 3468 lt-

162 3505 259 3560 oamlle
269 3503 375 3562 Gmlili
388 3509 415 3562 el
429 3509 531 3564 comite
545 3505 691 3578 llalpario,
706 3514 734 3564 et
749 3507 911 3581 quibusdam
932 3508 991 3564 mi·
1042 3503 1156 3575 oip³ala
1183 3501 1296 3559 domino
1309 3518 1381 3574 papo
1402 3511 1428 3559 et
1454 3503 1577 3559 Romana
1604 3501 1735 3568 Ecclesia,
1749 3507 1775 3559 el
1790 3519 1870 3560 reeo-

165 3589 261 3650 lilibus
275 3593 351 3663 aliis,
364 3596 489 3667 potenter
511 3595 702 3665 ascenderunt,
716 3597 992 3668 transcendentium
1042 3595 1164 3667 pnosaal
1177 3591 1264 3648 eliam
1278 3591 1313 3647 alr
1341 3591 1381 3648 eir
1395 3589 1559 3648 dledisinam
1573 3599 1599 3648 el
1614 3592 1788 3666 Arpelalam,
1806 3609 1871 3648 eum

164 3683 343 3740 oblinuerunt
357 3691 497 3754 maniano,
513 3689 539 3739 u
553 3699 645 3740 omnes
657 3687 725 3755 lere,
748 3689 814 3757 quot
829 3685 871 3741 idi
884 3687 993 3743 invenll
1043 3683 1101 3737 suis
1114 3682 1303 3754 parliaenliis.
1318 3679 1467 3752 dequibus
1485 3681 1612 3738 omnibns
1641 3681 1720 3738 bonis
1734 3681 1868 3738 securita-

162 3775 237 3840 sunl,
253 3771 283 3826 iu
298 3771 438 3842 oreplatlii
445 3781 608 3843 posuerunt.
618 3771 876 3829 Benediolusuulem
887 3773 992 3847 illepui
1044 3779 1099 3827 tem
1113 3771 1140 3825 el
1148 3769 1234 3841 juret,
1250 3777 1276 3826 ol
1289 3767 1450 3839 fidelilalern
1459 3769 1487 3825 ei
1492 3769 1589 3840 faciel,
1598 3769 1670 3826 siaul
1684 3769 1793 3826 domino
1807 3786 1867 3826 suo.

161 3861 363 3932 premendum
376 3862 473 3927 paucis
488 3856 594 3916 dicitur
607 3863 733 3918 euasisse.
749 3861 806 3918 Sed
833 3865 860 3918 el
877 3861 992 3934 quidam
1044 3859 1077 3914 ln
1090 3865 1177 3914 morte
1192 3873 1253 3915 vero
1268 3871 1330 3928 sua,
1345 3859 1372 3915 si
1380 3857 1442 3914 sine
1455 3857 1561 3915 herede
1575 3857 1728 3927 deraserit,
1751 3859 1867 3916 duoalus

165 3945 336 4015 Saracenas,
347 3949 458 4004 nomine
469 3945 587 4020 magded
597 3941 720 4021 (38,)oui
731 3952 853 4006 omnium
866 3951 928 4007 eral
945 3964 993 4008 ma
1045 3951 1194 4016 Rauennae,
1216 3955 1291 4003 terro
1305 3945 1488 4014 erldnoiil,
1503 3943 1529 4004 ei
1540 3938 1661 4005 diarchia
1675 3947 1804 4018 Aneonae,
1816 3949 1868 4004 lle·

164 4037 290 4106 pislerel
304 4033 373 4100 dua,
389 4035 430 4092 idi
444 4050 550 4110 quoque
564 4045 708 4094 truncatus
722 4041 748 4095 el
778 4041 906 4096 morinus
935 4039 993 4114 [uit
1045 4035 1152 4104 (lisina,
1168 4043 1194 4092 el
1209 4027 1349 4108 Arpelaid,
1365 4053 1427 4093 oum
1448 4037 1508 4092 suis
1522 4037 1715 4110 perlinealiis,
1730 4039 1761 4094 iri
1775 4037 1866 4093 ilame-

165 4123 339 4182 ldorcualdus
353 4141 417 4183 uero
430 4141 492 4200 quo,
517 4128 543 4182 el
556 4141 620 4183 eum
634 4137 697 4199 quot
709 4135 755 4184 ool
768 4129 866 4201 quidus
894 4128 994 4186 deluis
1044 4125 1091 4182 nio
1106 4129 1237 4182 Romane
1249 4125 1378 4184 Ecolisiae
1395 4129 1565 4183 remaneant.

160 4215 320 4288 ausuperil,
344 4213 435 4271 addua
462 4217 594 4272 nescitur.
611 4213 718 4273 mnas
729 4225 831 4284 auum,
849 4217 915 4291 quia
943 4217 998 4275 ille
1080 4211 1203 4270 xxviii.
1217 4217 1249 4271 ln
1266 4213 1376 4270 lanium
1392 4222 1485 4271 sulem
1500 4215 1608 4286 praelall
1623 4215 1789 4274 marescalci
1799 4219 1865 4272 stre·

162 4318 251 4375 nuper
261 4301 438 4380 lrominumel¹
451 4303 564 4361 diodoli
571 4299 717 4373 mediator,
728 4303 916 4364 lloineriusde
930 4305 992 4364 lla-
1045 4303 1139 4359 nultos
1155 4307 1184 4359 al
1199 4299 1360 4375 prudentia,
1376 4317 1433 4360 non
1448 4303 1541 4361 solutu
1555 4305 1616 4378 regi
1631 4311 1658 4361 el
1680 4303 1864 4362 iumillurlbus

162 4395 254 4458 reale,
269 4398 366 4464 captas
380 4399 429 4462 est,
446 4402 471 4450 el
482 4396 636 4452 incarcere
646 4394 880 4467 positus,etmulli
889 4396 942 4454 olii
955 4395 989 4453 de
1045 4392 1107 4463 oJus
1122 4406 1217 4450 rerum
1233 4391 1318 4450 ellam
1335 4391 1477 4449 uniuersis
1491 4393 1644 4451 comitibus
1658 4400 1685 4451 el
1702 4393 1863 4464 baronibus,

162 4481 314 4547 maioribus
327 4491 355 4538 et
376 4481 548 4554 melioribus,
562 4499 679 4556 quorum
692 4486 807 4541 nomino
834 4487 936 4557 neseio,
955 4443 1230 4549 denuntiamus,
1248 4487 1304 4538 lum
1320 4481 1462 4552 indigenis
1489 4495 1577 4554 quam
1607 4482 1760 4551 extraneis,
1787 4485 1862 4551 grata

161 4571 287 4626 exercitu
310 4567 471 4628 llareualdi.
500 4565 568 4641 oua
585 4571 685 4640 ouum,
710 4582 737 4630 et
752 4573 801 4646 qui
814 4574 879 4629 olon
887 4572 985 4646 decisi,
1042 4569 1149 4628 'exstitit
1162 4577 1189 4627 al
1203 4573 1331 4642 acceptu,
1346 4577 1375 4626 ut
1390 4569 1426 4641 el,
1442 4570 1590 4628 commatri
1605 4569 1733 4627 amnium
1743 4569 1859 4627 oonsilio

163 4657 311 4717 uesanos.
326 4658 433 4716 Scimus
461 4664 553 4718 aulem
582 4661 681 4717 ruulms
696 4662 723 4718 el
744 4663 864 4734 optimos
891 4663 986 4733 luisse.
1041 4670 1069 4719 ol
1083 4660 1188 4726 lurore,
1203 4661 1355 4716 comitatus
1371 4659 1488 4716 Andriae
1501 4659 1664 4726 donaretur,
1689 4658 1776 4730 rugeli
1804 4661 1861 4731 pri·

165 4747 259 4819 Spolia
270 4763 362 4804 eorum
378 4749 468 4805 multo
479 4751 636 4822 elpretiom
653 4753 776 4821 luerunt,
787 4749 989 4823 ilupuodtolus
1041 4751 1154 4820 vilugio,
1170 4764 1255 4806 norea
1269 4747 1347 4804 bulla
1360 4749 1483 4816 munito,
1499 4762 1584 4819 sapor
1604 4747 1693 4817 ipsius
1716 4747 1769 4804 sibi
1795 4759 1861 4804 oon-

165 4838 215 4894 ille
228 4836 286 4893 dies
300 4839 349 4893 oio
362 4837 398 4893 od
407 4839 608 4909 exportandum
622 4840 737 4912 suffioil.
893 4890 894 4894 ,
1041 4839 1170 4899 cessione
1185 4835 1298 4894 uallata.
1315 4837 1386 4904 Quia
1400 4851 1466 4892 reto
1482 4833 1636 4892 lemillaras
1651 4837 1725 4908 rogis
1739 4853 1860 4894 neeessa-

200 4929 270 4984 Haeo
282 4933 323 4983 est
335 4941 409 4998 erpo,
433 4927 552 4998 domine,
567 4929 625 4985 dies
652 4931 733 5003 quani
760 4929 827 5002 [ecit
843 4929 987 5002 Dominus,
1041 4931 1097 4987 rios
1113 4927 1167 4984 sibi
1182 4930 1209 4983 el
1223 4923 1282 4981 sdis
1297 4925 1477 4996 denegabant
1492 4936 1643 4996 expensas,
1661 4933 1688 4980 el
1699 4929 1812 4997 propter
1822 4928 1860 4982 ni·

164 5019 266 5088 optatu
281 5015 477 5088 redemptionis
488 5025 515 5073 el
526 5015 658 5081 ludiim
672 5018 739 5088 dias,
756 5019 845 5090 inquo
855 5021 989 5094 mapuifi-
1042 5019 1134 5076 mium
1150 5015 1257 5072 oestotis
1271 5013 1402 5069 ardorem
1419 5012 1524 5070 militas
1539 5012 1583 5068 sui
1607 5012 1668 5084 jam
1699 5005 1859 5086 inceperunt

164 5108 296 5161 aalumel
315 5103 485 5161 benedictum
508 5111 662 5163 eslnomen
690 5111 830 5178 uestrum
845 5109 917 5175 dies,
942 5111 988 5166 ia·
1041 5105 1163 5180 graviter
1178 5102 1330 5170 infirmarii
1346 5101 1513 5173 eomputsos
1544 5109 1586 5157 est
1613 5101 1650 5157 sd
1681 5103 1793 5173 propria
1819 5119 1858 5160 re·

165 5209 257 5263 quam,
274 5195 468 5267 quiaelnodis
489 5194 521 5251 de
548 5195 622 5252 noste
647 5197 791 5252 uictoriam
820 5197 936 5254 eontulit
963 5202 989 5254 et
1043 5209 1137 5253 moero
1152 5193 1229 5265 (00);
1246 5191 1423 5262 multamque
1450 5191 1602 5262 pecuniam
1631 5191 1766 5247 dominas
1794 5204 1858 5263 pape

103 5337 107 5346 ¹
202 5327 258 5395 (38)
274 5329 355 5398 Apud
372 5329 560 5398 Raynaldurn,
576 5327 715 5400 llopadrs.
1077 5327 1133 5400 (lt)
1149 5327 1216 5392 Qua
1233 5325 1278 5381 hle
1290 5325 1373 5382 aneia
1384 5323 1645 5394 idalusuvidenlur,
1658 5323 1762 5381 dosunt
1773 5325 1802 5380 ia
1813 5339 1857 5382 uo·
1933 5323 1934 5328 ’

202 5397 259 5470 (30(
273 5400 336 5454 ilino
346 5403 443 5457 omniu
453 5402 486 5456 od
498 5415 606 5456 eanum
620 5400 688 5456 12⁰0
700 5401 783 5456 ralert
809 5401 987 5472 Muretorius,
1041 5401 1104 5457 diuo
1120 5399 1216 5468 Regio.
1232 5411 1323 5452 siuas.
1340 5398 1369 5452 in
1383 5399 1439 5451 nol.
1456 5397 1603 5465 marpinal

165 5468 267 5525 dnrsol.
282 5469 370 5526 d'ltol.
388 5476 455 5528 lom.
472 5473 534 5540 Vll,
551 5481 621 5543 part.
640 5473 663 5540 l,
682 5487 743 5540 pau.
761 5473 823 5532 140.
1077 5471 1134 5540 (lu)
1149 5469 1253 5526 Conlor
1267 5468 1401 5540 epistolas
1417 5466 1481 5522 libri
1498 5467 1570 5522 tertii
1599 5467 1645 5532 22,
1674 5465 1764 5522 nobili
1790 5467 1852 5534 uiro,

202 5539 258 5616 (00)
276 5543 346 5598 Vide
364 5543 526 5614 Boionium,
542 5545 577 5598 ad
594 5560 640 5599 un.
659 5542 738 5613 1t97,
754 5544 767 5612 fi
782 5543 809 5600 9.
1040 5543 1099 5602 S...
1114 5539 1362 5612 commilitantia,
1378 5538 1629 5611 uiieumpoulilea
1639 5538 1736 5594 laudol
1747 5538 1852 5595 odraus-
