3952 6056
82 225 131 284 137
601 220 854 280 Poarmcarus
873 219 969 278 ANNO
987 219 1010 292 l,
1030 223 1167 284 caatsn
1188 227 1282 284 nea·
1737 226 1788 286 138

79 356 180 414 dimus
200 371 237 411 ex
265 351 421 411 maturiori
449 349 664 410 deliberatione
692 351 851 425 procedere
877 352 949 417 οιΑ
964 351 1066 410 tudine
1081 341 1282 427 providerent
1293 354 1427 414 redditus
1442 356 1522 427 illos,
1534 357 1584 430 qui
1601 357 1632 414 in
1647 355 1787 431 prejudi-

79 462 242 520 personam
256 449 339 501 tuam
361 444 567 516 cognoscimus
582 442 618 498 ad
634 442 905 515 augmentationem

81 535 292 592 ecclesiastica
318 533 469 607 dignitatis
495 531 652 588 sollicitius
674 533 817 603 aspirare.
833 531 905 586 Cum

81 627 171 699 igitur
196 623 250 680 tibi
274 627 367 678 tama
387 621 483 678 felicis
508 621 723 677 recordationis
748 619 905 676 Caelestino

78 731 155 787 papa
177 713 398 786 praedecessore
420 715 522 766 nostro
549 727 639 782 quam
655 727 672 766 a
686 710 773 766 nobis
795 709 831 766 de
846 709 906 764 lra-

79 811 157 860 trnm
173 808 347 858 nostrorum
362 800 486 856 consilio
503 801 541 855 sit
557 799 706 856 indultum
721 804 754 855 ut
768 798 847 855 inira
857 815 907 854 ca-

79 901 174 950 strum
191 897 288 960 tuum,
304 888 384 962 quod
407 891 572 944 Mosomum
597 887 715 956 dicitnr,
741 887 771 944 in
786 887 906 944 abbatia

78 982 218 1056 ejusdem
240 979 330 1036 castri
344 979 443 1034 valeas
467 978 641 1050 episcopum
664 978 787 1050 erigere,
811 977 856 1032 rel
881 977 905 1033 si

78 1069 224 1128 malueris
236 1069 268 1125 in
290 1068 393 1124 eodem
409 1071 505 1122 castro
529 1067 618 1123 aliam
641 1066 841 1124 cathedralem
857 1083 905 1122 ec·

83 1160 210 1216 clesiam
224 1158 273 1215 cui
296 1156 477 1230 praeficiatur
501 1156 667 1228 episcopus,
692 1155 858 1222 lab1·icare;
874 1161 907 1211 ut

78 1248 232 1306 laudabile
247 1245 472 1302 lnaevoluntatis
482 1244 667 1317 propositum
680 1245 785 1301 melior
800 1261 908 1315 sequa-

81 1345 127 1396 tur
143 1337 272 1393 eftectus
296 1335 376 1390 etad
400 1334 609 1390 exaltationem
631 1334 697 1389 novi
720 1333 907 1406 episcopatus

76 1427 199 1485 studeas
208 1424 400 1482 affectuosius
410 1428 439 1479 et
449 1423 906 1493 intendas,perscnaeluae,quam

76 1515 277 1590 praerogatiua
291 1512 444 1586 dignitatis
456 1513 603 1568 honorare
617 1512 753 1568 volumus
773 1511 905 1583 speciali,

76 1605 256 1663 anctoritate
271 1602 464 1675 praesentium
480 1601 670 1674 indulgemus
686 1605 719 1656 ut
735 1599 825 1654 liceat
841 1599 904 1667 tibi,

963 441 1040 500 cium
1051 449 1162 502 tnuma
1175 463 1278 502 mensa
1289 447 1451 520 episcopali
1466 447 1709 504 irrationabiliter
1717 451 1786 502 sunt

962 533 1114 602 subtracti,
1131 535 1182 590 tibi
1198 535 1500 608 liceat,appellatione
1512 541 1636 605 remota,
1653 537 1784 608 legitime

961 637 1107 692 revocare,
1124 625 1301 680 fraternitati
1316 631 1372 681 tuae
1396 627 1569 682 auctoritate
1590 626 1783 698 praesentium

960 711 1159 786 indulgemus.
1177 714 1254 770 Nulli
1271 732 1351 789 ergo,
1366 721 1422 772 etc.

997 803 1113 870 Datum,
1130 808 1197 872 etc,
1214 811 1244 858 at
1257 821 1353 875 supra,
1370 822 1396 860 vr
1409 807 1482 860 Non.
1499 805 1577 860 Maii.

1330 893 1419 948 ctvt.

1020 996 1163 1036 canonicis
1182 997 1319 1036 acccesrre
1337 997 1433 1038 naaria
1452 999 1547 1037 unnim
1566 998 1719 1038 roauacno.

993 1072 1026 1125 ut
1037 1072 1145 1138 fructas
1160 1071 1290 1126 altarium
1299 1073 1409 1126 vicariis
1424 1072 1571 1142 equaliter
1585 1072 1756 1127 dividantur.

1179 1161 1225 1228 llil
1240 1175 1335 1230 supra,
1351 1175 1398 1214 vm
1412 1159 1454 1214 ld.
1473 1158 1561 1232 Maii).

996 1249 1069 1303 Cum
1084 1263 1102 1302 a
1116 1245 1202 1302 nobis
1227 1247 1347 1318 petitur,
1363 1253 1419 1303 etc.
1441 1265 1526 1318 usque
1553 1249 1589 1302 ud
1611 1249 1721 1302 ondam
1736 1263 1784 1304 as-

961 1353 1050 1392 sensu
1063 1355 1071 1403 3
1086 1339 1120 1390 ut
1140 1335 1284 1403 redditus,
1301 1336 1351 1407 qni
1367 1353 1384 1391 a
1399 1337 1523 1392 diversis
1537 1335 1730 1392 donatoribus
1745 1336 1782 1392 ad

960 1442 1048 1482 usum
1070 1424 1247 1481 vicariorum
1270 1425 1402 1480 ecclesiae
1424 1430 1538 1494 vestrae,
1555 1427 1605 1497 qni
1628 1442 1688 1480 non
1713 1429 1783 1481 sunt

960 1513 1083 1586 majoris
1095 1512 1197 1570 altaris
1213 1513 1331 1568 servitio
1344 1513 1543 1586 deputati,per
1554 1519 1723 1586 temporum
1738 1514 1781 1568 vi·

961 1620 1009 1659 ces
1024 1603 1211 1675 proveniunt,
1222 1601 1401 1675 colligantur
1413 1603 1444 1658 in
1457 1619 1550 1658 unum
1566 1608 1595 1658 et
1610 1619 1662 1674 per
1674 1603 1781 1659 minis-

75 1695 174 1769 quoad
190 1693 310 1760 vixeris,
327 1689 524 1764 personaliter
539 1691 569 1745 in
595 1689 699 1745 eodem
719 1689 902 1761 episcopatu,
918 1705 944 1769 Β
960 1699 1020 1748 tros
1035 1697 1147 1748 vestros
1163 1692 1240 1746 inter
1255 1691 1375 1746 eosdem
1396 1693 1520 1748 vicarios
1535 1692 1691 1764 aequaliter
1701 1692 1780 1746 divi-

76 1801 181 1842 eornm
197 1779 342 1854 requisito
358 1795 481 1836 assensu
509 1779 617 1852 quibus
632 1779 789 1852 episcopus
805 1777 904 1850 prarfi·
958 1782 1075 1849 dantur,
1093 1779 1143 1851 qui
1159 1780 1309 1834 communi
1326 1795 1449 1836 assensu
1465 1781 1599 1853 capituli,
1616 1781 1780 1837 secundum

75 1874 202 1932 cieudns
218 1869 491 1939 exstiterit,nullius
499 1868 733 1924 contradictione
744 1867 789 1922 vel
804 1864 903 1938 appel·
954 1872 1108 1942 antiquam
1121 1873 1151 1924 et
1165 1869 1373 1925 rationabilem
1389 1869 1522 1925 ecclcsiae
1536 1875 1638 1926 vestrae
1654 1886 1780 1926 consue-

73 1965 186 2020 latione
202 1962 352 2030 obstante,
367 1973 526 2032 personam
541 1958 680 2013 idoneam
701 1957 856 2012 instituere
872 1955 903 2010 in
954 1961 1101 2027 tudinem,
1118 1956 1232 2014 institui
1256 1956 1373 2013 valeant
1388 1963 1417 2013 et
1432 1957 1571 2014 similiter
1585 1959 1726 2026 amoveri,
1744 1958 1781 2013 li-

72 2052 260 2123 pontisscem,
272 2051 322 2122 qui
338 2049 447 2122 populo
464 2047 519 2104 sibi
536 2047 696 2103 commisso
711 2063 840 2118 praeesse
855 2064 903 2103 va·
955 2049 1057 2104 boram
1077 2047 1158 2103 vebis
1183 2048 1357 2102 auctoritate
1372 2049 1565 2120 praesentium
1588 2048 1781 2104 concedimus

72 2141 133 2197 leat
149 2147 180 2196 et
192 2140 345 2213 prodesse.
363 2138 441 2195 Nulli
457 2153 538 2210 ergo,
554 2141 609 2192 etc.
955 2137 1135 2193 facultatem.
1153 2137 1345 2192 Decernimus
1361 2153 1440 2210 ergo,
1458 2141 1513 2193 etc.

108 2232 232 2298 Datum,
249 2234 317 2298 etc,
334 2235 472 2300 utsupra,
488 2241 528 2282 vn
543 2225 612 2280 idus
627 2223 707 2288 uati,

446 2326 535 2382 CLIV.

72 2434 209 2477 uacrsrna
229 2433 363 2474 aursana.
384 2429 554 2472 sunnraccao
574 2429 690 2482 nesrac,
716 2429 903 2470 macerrimo

407 2519 565 2561 rossanus.

101 2598 243 2654 Smtcatia
257 2594 406 2650 cardinatis
421 2595 558 2648 flamensis
571 2607 677 2664 upupa
692 2595 878 2661 confirmatur.

991 2227 1107 2294 ilatum,
1124 2231 1192 2293 etc,
1203 2231 1234 2281 ut
1247 2243 1341 2297 supra,
1358 2225 1489 2282 uraldus
1505 2227 1581 2282 Maii.

1316 2315 1418 2370 Chlllt.

1026 2419 1170 2460 canoarcrs
1187 2420 1220 2459 ar
1239 2419 1359 2459 canarcrs
1384 2420 1538 2460 roaaacna.
1560 2419 1707 2460 nocensne.

1185 2496 1231 2568 (Ut
1246 2512 1340 2566 supra,
1357 2513 1384 2550 ιν
1399 2495 1441 2550 td.
1458 2495 1548 2566 Maii).

989 2586 1062 2639 Cum
1077 2601 1094 2640 a
1109 2583 1194 2639 nobis
1209 2585 1389 2656 petitur,etc.
1402 2601 1488 2654 usqae
1500 2586 1537 2639 ad
1551 2585 1662 2639 uerbum
1677 2589 1780 2656 postu·

111 2687 186 2741 Cum
203 2683 319 2740 anobis
333 2683 455 2755 petitur,
472 2686 527 2737 etc.
545 2697 631 2752 usque
646 2681 682 2735 ud
707 2681 818 2735 verbani
832 2681 904 2734 illuct
955 2673 1311 2742 lationibusinclinati‚uc
1325 2689 1425 2728 coram
1436 2673 1494 2727 alio
1502 2673 1604 2744 jndice
1618 2673 1782 2728 trahamini

77 2772 280 2832 effectumhd
296 2771 478 2828 audientiam
494 2775 628 2826 nostram
643 2769 791 2839 siqnidem
809 2773 837 2823 te
851 2785 916 2824 re·
955 2764 1013 2819 nisi
1029 2779 1082 2834 per
1105 2761 1338 2834 appellationem
1365 2761 1394 2816 in
1417 2777 1548 2830 causam,
1569 2761 1702 2834 quandiu
1727 2761 1780 2816 sub

75 2865 192 2919 ferente
206 2861 350 2934 pervenit,
368 2860 527 2932 quodcum
542 2859 710 2916 felicisrec.
727 2858 903 2914 Coelestinus
956 2852 1092 2908 examine
1108 2850 1285 2908 venerabilis
1301 2851 1401 2907 fratris
1414 2851 1507 2904 nestri
1525 2851 1657 2922 episcopi
1671 2851 1784 2906 Torna-

76 2955 157 3025 Papa
171 2951 375 3024 predecessor
397 2953 632 3005 nostercansam
657 2946 906 3019 quaevertebatrr
957 2960 1021 2998 cerr.
1038 2941 1084 2997 vel
1113 2940 1289 2996 dilectorum
1319 2939 1450 2996 illiorum
1476 2940 1580 2996 decani
1603 2946 1633 2995 et
1660 2940 1782 3012 capituli

77 3044 157 3098 inter
172 3045 202 3096 te
218 3043 248 3096 et
262 3039 453 3095 Laurentium
476 3037 618 3094 clericum
634 3036 669 3092 de
685 3036 798 3108 Brugis,
816 3052 905 3109 super
918 3078 944 3145 C
957 3029 1046 3087 vestri
1062 3035 1139 3086 stare
1151 3029 1212 3103 juri
1228 3028 1392 3096 volueritis,
1406 3033 1603 3100 preterquam
1629 3028 1664 3085 de
1680 3034 1782 3084 nostro

76 3131 240 3204 praebenda
263 3133 415 3200 spectante
443 3127 480 3182 ad
502 3126 706 3199 magisterium
735 3124 903 3181 scholarum
958 3119 1104 3194 vellegati
1130 3119 1223 3174 nostri
1239 3118 1390 3186 mandato,
1414 3118 1588 3174 anctoritate
1608 3118 1690 3173 robis
1705 3135 1783 3190 prat-

77 3223 194 3276 Sanctae
209 3217 306 3273 itariae
325 3217 356 3272 in
382 3217 495 3287 Bragis,
511 3215 673 3270 venerabili
696 3213 780 3270 fratri
803 3220 904 3271 nostro
957 3209 1086 3265 sentium
1099 3207 1401 3280 indulgemushiceat
1415 3223 1533 3279 quoque
1547 3206 1709 3275 vobiscum
1726 3223 1780 3280 ge-

78 3309 240 3364 willielmo
262 3309 383 3363 haaren.
404 3305 627 3376 archiepiscopo
649 3305 763 3359 Sanctus
789 3304 903 3359 Sabina]
955 3295 1598 3364 neraleinterdictumterraefuerit,exclusis
1614 3295 1780 3351 interdictis

79 3398 224 3455 cardinali
250 3397 450 3452 commisisset
475 3397 533 3450 sine
549 3393 648 3449 debito
674 3393 903 3461 terminandam,
956 3393 986 3443 et
1009 3385 1283 3453 excommunicatis,
1301 3384 1411 3441 clausis
1429 3385 1542 3457 jannis,
1569 3400 1628 3440 non
1654 3385 1780 3456 pulsatis

79 3490 154 3562 ipse,
164 3485 392 3560 allegationibus
407 3484 562 3555 utriusque
576 3483 668 3555 partis
683 3483 792 3538 auditis
807 3487 836 3538 et
851 3499 904 3538 co·
957 3476 1109 3548 campanis
1124 3481 1154 3530 et
1177 3489 1337 3546 suppressa
1359 3489 1439 3542 voce,
1456 3472 1555 3528 divina
1578 3472 1677 3528 cilicia
1699 3473 1780 3528 cele-

79 3577 221 3651 gnitis,de
237 3575 419 3648 prudentum
430 3574 559 3628 virorum
574 3571 700 3628 consilio
716 3575 743 3626 te
759 3571 795 3627 ab
811 3572 904 3643 ipsius
956 3565 1054 3620 brare.
1071 3563 1148 3618 Nulli
1165 3579 1244 3635 ergo,
1261 3567 1317 3618 etc.

79 3666 269 3738 impetitione
285 3663 420 3732 absolvit,
437 3679 526 3734 super
541 3662 596 3717 hoc
620 3664 796 3733 perpetuum
813 3661 906 3716 silen—
993 3655 1108 3722 Dalum,
1124 3655 1193 3718 etc,
1209 3657 1239 3705 at
1253 3667 1348 3721 supra,
1366 3667 1390 3704 ru
1406 3650 1473 3704 Idus
1488 3649 1564 3704 Maii.

79 3755 155 3811 tium
172 3754 332 3826 imponens
347 3751 456 3808 eidem.
473 3752 530 3806 Nos
545 3751 635 3824 igitur
650 3746 729 3821 qnod
753 3764 807 3820 per
821 3766 906 3804 eum·
1314 3749 1430 3803 caval.

80 3844 149 3900 dem
164 3843 422 3915 archiepiscopum
444 3840 555 3896 lactum
570 3844 616 3894 est
629 3838 760 3893 volentes
774 3838 904 3893 debitam
1017 3855 1160 3894 caaoarcis
1179 3855 1316 3894 anacastra
1334 3853 1432 3893 aaran
1450 3853 1546 3892 nanim
1565 3853 1719 3894 renascar.

80 3933 254 3990 firmitatem
269 3930 389 3998 habere,
406 3928 596 4001 praebendam
614 3928 720 4000 ipsam,
738 3927 906 3998 sicutjuste
980 3929 1058 3996 Qucd
1085 3931 1191 3998 fractus
1218 3930 1331 3998 raajctas
1360 3929 1458 3981 (citaris
1481 3928 1590 3997 possint
1618 3927 1751 3982 dividere.

80 4023 216 4095 possides
232 4025 261 4077 et
275 4019 540 4091 quietedevoticni
557 4023 614 4071 tua>
629 4017 805 4072 auctoritate
820 4033 907 4088 apas-

81 4111 171 4166 tolica
183 4109 410 4176 contlrrnamus,
427 4113 482 4164 etc.
500 4106 578 4162 Nulli
594 4122 674 4178 ergo,
691 4109 746 4159 etc.

115 4201 225 4254 Datum
249 4198 350 4253 Romae
374 4195 452 4268 apud
479 4195 618 4250 Sanctum
642 4194 761 4247 Petrum
784 4210 809 4248 iv
833 4195 906 4248 Non.

81 4288 159 4343 unii.

456 4372 531 4426 Ghv.

336 4477 489 4518 ronnacsa.
509 4476 647 4515 nrrscoro.

234 4553 267 4607 Ut
281 4569 297 4607 α
311 4551 490 4607 decessoribus
505 4551 625 4604 alienata
641 4554 751 4603 reuocet.

298 4641 345 4709 (Ut
360 4657 455 4712 supra,
471 4657 496 4694 vr
510 4640 585 4694 Non.
601 4637 690 4711 atati).

116 4735 190 4789 Cum
201 4728 401 4786 Ecclesiarum
413 4729 548 4784 emnium
568 4743 639 4784 cura
652 4726 738 4782 nobis
748 4726 907 4781 immineat

81 4821 251 4896 pastoralis,
263 4821 306 4876 sic
314 4819 512 4875 nosconvenit
520 4819 597 4874 circa
606 4817 765 4874 utilitatem
773 4817 905 4888 ipsarum

80 4913 224 4968 attentius
243 4909 422 4982 vigilarent
442 4925 508 4980 quae
534 4907 611 4963 male
632 4907 769 4962 ordinata
791 4911 860 4960 sunt
873 4904 904 4959 in

81 5003 122 5057 eis
139 5003 294 5056 instalum
312 5003 498 5066 revocentur,
514 5001 633 5054 auctore
649 4995 784 5062 Domino,
800 4993 906 5048 melio-

80 5107 154 5146 rem.
164 5085 370 5143 Intelleximus
386 5085 534 5158 siquidem
550 5101 603 5157 per
615 5083 790 5156 petitionem
805 5097 841 5136 ex
854 5086 905 5136 tua

81 5179 169 5235 nobis
183 5181 268 5250 parte
292 5179 471 5248 porrectam,
487 5173 567 5246 quod
590 5173 724 5229 redditus
748 5170 904 5226 duodecim

82 5266 233 5332 altarium,
253 5265 302 5336 qni
318 5263 355 5319 ad
371 5279 505 5319 mensam
521 5261 721 5342 episcopalem
737 5258 906 5332 specialiter

82 5357 201 5412 lucrant
216 5353 357 5426 deputati,
375 5351 495 5424 quidam
518 5351 769 5424 praedecessorum
786 5355 904 5403 tuorum

83 5449 372 5515 retroactotempore
388 5443 488 5498 minus
499 5440 716 5498 rationabiliter
731 5437 903 5494 distraxere.
966 5453 970 5460 ·

174 5537 220 5588 tes
231 5531 322 5605 igitur
333 5529 387 5587 tibi
399 5536 428 5586 et
437 5515 575 5588 Ecclesiae
589 5534 646 5586 tuae
656 5531 781 5601 paterna
793 5525 905 5583 sollici-

1218 4017 1313 4088 (Apud
1330 4017 1357 4070 S.
1373 4015 1517 4088 Petrum).

993 4109 1065 4162 Cum
1081 4125 1098 4162 a
1113 4107 1199 4162 nobis
1214 4106 1335 4178 petitur,
1350 4110 1418 4172 etc,
1428 4121 1513 4176 usquc
1526 4107 1563 4158 ad
1577 4105 1687 4160 uerbum
1703 4106 1784 4176 illud,

959 4212 1094 4263 assensn,
1110 4201 1143 4250 ut
1153 4195 1287 4250 redditus
1303 4194 1352 4266 qui
1371 4199 1602 4266 pertempornm
1614 4193 1691 4248 vices
1707 4211 1724 4248 a
1740 4194 1785 4249 di-

960 4285 1051 4338 vorsis
1067 4285 1202 4355 personis
1217 4284 1253 4338 ad
1271 4299 1357 4337 usum
1372 4281 1549 4337 vicariorum
1571 4281 1694 4354 majoris
1710 4281 1786 4338 alta-

962 4374 1003 4427 ris
1019 4369 1637 4444 ccclesiaevestrmproveniunt,colligantur
1652 4369 1681 4423 in
1691 4387 1783 4426 anum

921 4443 946 4506 D
963 4468 992 4518 el
1008 4479 1059 4534 per
1086 4461 1237 4515 ministros
1252 4466 1363 4514 vestros
1390 4459 1469 4512 inter
1490 4457 1614 4514 vicarios
1630 4459 1785 4531 aqualiter

959 4551 1138 4619 dividantur,
1155 4550 1204 4622 qui
1220 4549 1370 4604 communi
1390 4565 1513 4602 assensu
1529 4549 1661 4622 capituli,
1677 4566 1783 4606 secun-

960 4641 1030 4696 dum
1054 4640 1206 4711 antiquam
1232 4644 1262 4693 et
1286 4637 1494 4694 rationabilem
1522 4638 1654 4694 ecclesiae
1679 4647 1783 4695 vestrae

959 4727 1216 4794 consuetudinem,
1233 4726 1346 4781 institui
1363 4726 1480 4783 valeant
1494 4733 1526 4782 et·
1542 4726 1680 4782 similiter
1694 4745 1780 4784 ame-

959 4819 1029 4886 vcri,
1045 4816 1170 4872 liberam
1186 4814 1267 4870 vobis
1280 4816 1455 4871 auctoritate
1471 4817 1663 4888 praesentium
1677 4834 1784 4873 concc-

960 4905 1058 4962 dimus
1072 4904 1254 4960 facultatem.
1269 4905 1461 4960 Decernimus
1475 4921 1554 4978 ergo,
1569 4911 1624 4961 etc.

996 4997 1100 5052 Datum
1116 4997 1216 5050 Itomae
1232 4995 1311 5067 apud
1327 4996 1466 5052 Sanctum
1482 4998 1612 5052 Petrum.

1322 5103 1412 5158 CLIX.

1022 5208 1167 5248 caaoarcrs
1185 5209 1322 5248 accansrnr
1340 5209 1436 5248 nnana
1455 5209 1548 5248 anatra
1566 5206 1719 5246 ronnacau.

959 5283 1134 5352 Confirmatio
1161 5283 1359 5337 constitutionis
1384 5281 1621 5351 crapitsdumsuper
1648 5281 1783 5348 fructibus

1254 5353 1375 5424 baradati
1389 5355 1488 5408 lconis.
1662 5361 1666 5368 ·

1181 5441 1228 5514 (Ut
1243 5457 1338 5514 supra,
1354 5457 1372 5496 n
1388 5440 1450 5495 ilat
1468 5438 1556 5510 Maii).

995 5531 1069 5588 Cum
1085 5547 1102 5588 a
1116 5529 1203 5586 nobis
1218 5530 1409 5602 petitur,etc.,
1425 5541 1509 5598 usque
1525 5527 1562 5584 od
1575 5529 1686 5586 verbam
1700 5529 1781 5600 ettad,
