3972 6068
182 265 235 324 rsa
497 191 502 208 Ι
668 257 870 322 ruscorum
888 257 927 319 m
945 258 1001 314 rr.
1021 253 1257 330 nnorsronuu
1276 253 1344 322 uu,
1363 253 1398 309 u.
1798 231 1804 236 ’
1838 257 1891 318 ras

184 387 505 464 reciperetiugrutiam
517 385 703 460 conjugalem
716 402 723 442 :
735 387 907 461 ipsetameu
918 401 1007 462 pravo
1022 389 1052 464 Α
1066 383 1291 460 praesumpserit
1313 383 1488 460 impendere
1511 389 1709 460 sacramenta,
1726 401 1757 444 se
1772 386 1895 446 noveru

185 497 258 540 usus
273 477 478 550 eonsiliopost
492 475 685 538 inhibitiones
700 475 927 557 multiplices,iu
941 492 1006 548 gra·
1062 473 1156 548 ipsius
1171 473 1322 553 diguitatis
1334 479 1364 532 et
1375 473 1490 544 ordinis
1507 476 1675 552 periculum
1687 476 1895 548 incursurum.

185 586 250 626 rem
266 571 469 640 conmmptum
495 563 634 625 Ecclesiae
659 563 749 625 eliam
775 564 1006 648 superinducere
1061 564 1133 632 Cum
1151 563 1231 622 euim
1246 580 1280 628 ex
1297 563 1353 624 hoe
1368 581 1537 646 quaeramus
1553 565 1680 628 sollicite
1694 565 1823 638 salutem
1840 583 1894 628 re-

182 676 244 716 nco
259 657 385 730 expavit.
402 657 460 712 Nos
474 658 577 720 aulem
589 653 722 718 volentes
746 653 818 725 olim
840 671 940 736 regem
960 655 1006 733 ip·
1059 652 1104 722 gis
1117 651 1210 732 ipsius
1226 652 1399 726 etamplius
1415 671 1483 724 eum
1499 671 1588 726 quam
1603 655 1666 730 ipse
1682 672 1713 722 se
1728 655 1835 732 diligat
1846 655 1894 714 di-

182 766 250 809 sum
266 753 391 807 tractare
408 747 439 804 iu
453 745 558 818 spiritu
573 743 705 811 lenitatis
725 750 754 804 et
768 761 837 816 euru
851 745 888 816 etl
903 745 1006 811 transi·
1061 739 1198 816 ligamus,
1207 746 1308 814 utpote
1322 758 1412 820 quem
1425 760 1480 806 uos
1494 743 1526 806 in
1541 745 1667 810 nomino
1683 745 1838 828 diligimus
1855 746 1895 811 ad

181 845 241 898 tem
257 836 445 898 rectitudinis
460 834 629 894 salubribus
653 834 775 902 monitis
797 851 945 916 revocare,
962 837 1005 914 ip·
1061 829 1266 904 salutantium
1279 832 1310 901 iu
1325 833 1433 902 animae
1450 851 1511 896 suaa
1526 834 1690 910 perniciem
1705 833 1802 912 diligit
1817 852 1895 903 non·

147 909 150 918 ’
181 945 247 988 sum
261 927 340 984 circa
360 929 470 982 nostro
486 923 681 997 promotionis
706 924 791 985 initia
805 941 858 998 per
882 939 1005 991 venera·
1061 921 1301 994 transumptio
1328 923 1469 990 timemus
1484 922 1510 984 si
1534 923 1614 996 quod
1639 941 1692 998 pro
1717 925 1894 987 remtateac

181 1018 275 1078 bilem
291 1015 411 1077 fratrem
428 1018 563 1070 nostrum
573 1012 770 1080 Porisianseru
781 1013 953 1088 episcopum
964 1014 1005 1079 le·
1055 1008 1174 1080 justitia
1186 1015 1289 1074 contra
1302 1027 1357 1074 nos
1372 1010 1546 1082 scandalum
1560 1013 1673 1077 oriatur
1685 1034 1693 1084 ς
1705 1014 1851 1088 quoniam
1868 1017 1893 1075 si

183 1109 278 1164 cimus
293 1104 488 1169 commoneri,
503 1108 533 1158 et
546 1101 735 1174 postmodum
756 1119 809 1179 per
822 1104 937 1168 litteras
952 1121 1007 1169 no·
1062 1099 1137 1168 [leus
1152 1100 1318 1171 nobiscum,
1335 1103 1402 1174 quis
1418 1109 1521 1162 uonna
1534 1103 1614 1168 nos‘i
1627 1121 1683 1165 nee
1706 1105 1816 1178 polerit
1837 1107 1890 1164 ad·

182 1202 257 1254 strae
273 1196 330 1266 (90)
345 1194 504 1266 diligenter
526 1191 709 1262 induximus,
726 1197 769 1263 ut,
794 1193 1006 1268 superinducta
1060 1203 1162 1255 versus
1176 1205 1230 1245 nos
1243 1189 1412 1264 aliquorum
1435 1191 1616 1251 machinatio
1629 1193 1801 1270 praeralere,
1818 1196 1891 1268 quia

172 1285 218 1340 de
234 1284 343 1345 finibus
354 1282 437 1354 regni
448 1283 629 1340 Francorum
655 1286 764 1354 amnia,
781 1282 913 1355 reginam
928 1285 1005 1356 reri·
1059 1277 1168 1336 uerilus
1183 1283 1213 1336 ul
1231 1278 1420 1351 justitiarios
1441 1281 1613 1344 detondent·
1629 1283 1703 1348 (lusu
1725 1288 1827 1352 aulem
1853 1285 1890 1346 de

180 1371 1006 1447 peretmcmoretam,quamaseduxeratirrationabili-
1060 1368 1253 1442 prerogativa
1281 1369 1413 1436 scientiae
1441 1387 1475 1434 ao
1502 1371 1669 1440 honestatis
1692 1378 1797 1438 uestras
1826 1391 1888 1448 pon

178 1469 225 1520 ter
246 1461 459 1530 emerendam
472 1460 552 1532 juris
568 1460 596 1516 ei
609 1459 761 1526 licentiam
786 1477 847 1524 non
862 1468 1006 1536 negantes
1061 1456 1212 1524 rnodieum
1228 1459 1464 1527 cpulidamnsme
1477 1465 1584 1534 preater
1598 1477 1682 1536 spem
1698 1463 1835 1533 omniurn
1847 1464 1890 1524 eis

179 1570 238 1625 quo
254 1552 366 1620 minus,
381 1550 460 1610 iacta
473 1550 556 1622 prius
575 1550 774 1622 restitutione,
790 1550 962 1616 audiremus
978 1558 1008 1611 et
1061 1547 1227 1620 comparari
1250 1548 1382 1624 possitis,
1397 1548 1435 1608 de
1450 1549 1558 1624 quibus
1581 1549 1801 1622 diuinationes
1816 1555 1889 1617 muti

180 1641 391 1700 exaudiremus
407 1640 431 1699 si
448 1639 520 1711 quid
535 1639 657 1696 duceret
672 1639 888 1714 rationabiliter
901 1658 1006 1721 propp·
1060 1636 1247 1694 convolantes
1264 1637 1366 1707 utrum
1382 1638 1447 1710 tiso,
1463 1655 1517 1713 avt,
1531 1639 1586 1714 llll,
1603 1655 1671 1706 cuns
1690 1639 1837 1714 larmirus
1852 1641 1889 1718 li.-

181 1732 326 1792 neudum.
342 1731 401 1786 Gur
416 1729 495 1791 enim
510 1745 572 1786 nou
584 1729 683 1801 potius
698 1727 787 1803 eligat
801 1730 881 1802 quod
889 1731 1006 1806 iustum
1021 1769 1047 1838 B
1061 1723 1161 1788 bertas
1189 1726 1392 1798 ecelesiastica
1421 1727 1549 1791 maxims
1584 1728 1710 1804 riguerit
1734 1727 1766 1795 in
1795 1746 1888 1806 regno

182 1825 228 1878 ost
243 1820 446 1884 ethonestatis
462 1822 492 1874 ot
506 1816 635 1877 dectinet
656 1818 735 1890 quod
751 1818 887 1892 iniquom
909 1825 954 1881 est
977 1827 1007 1883 et
1061 1815 1253 1890 Francorum,
1264 1815 1400 1892 volumus
1416 1821 1445 1878 st
1459 1816 1636 1892 mandamus
1651 1823 1685 1881 ut
1700 1835 1763 1896 ros,
1780 1819 1888 1896 iratres

182 1910 361 1968 damnosum
375 1924 382 1976 ;
398 1913 432 1964 ut
445 1908 470 1964 si
485 1907 561 1964 torte
577 1906 705 1982 desuper
719 1908 820 1975 datum
842 1925 903 1969 non
917 1909 1008 1974 fuerit
1062 1902 1276 1984 nrobiepiseopi
1289 1910 1319 1970 et
1334 1905 1509 1982 episcopati
1522 1907 1640 1978 vesulii
1654 1907 1789 1986 abbates,
1805 1910 1885 1986 apud

182 1998 263 2070 quod
286 1997 458 2071 praedictam
481 1997 616 2069 reginam
631 1997 761 2054 retinere
782 1998 853 2066 velit
867 1998 898 2062 iu
913 2000 1007 2072 gratia
1062 1992 1200 2054 eumdem
1215 2011 1314 2070 regom
1338 1996 1594 2062 exhortationibus
1617 1997 1747 2061 assiduis
1762 1998 1887 2061 insista-

178 2088 340 2161 conjugali,
355 2091 470 2144 remota
483 2102 518 2155 ea
530 2101 619 2157 quarn
630 2086 735 2144 contra
752 2086 943 2149 interdictum
954 2091 1007 2146 Ec-
1062 2082 1119 2150 tis;
1136 2089 1283 2156 quatenus
1297 2086 1437 2154 affectum
1452 2091 1588 2147 nostrum
1604 2087 1773 2159 attondens,
1788 2091 1841 2166 qui
1854 2091 1889 2150 li·

178 2178 277 2237 clasiae
296 2175 470 2248 superduxit
481 2179 639 2247 etreccpta
656 2175 809 2248 illaquam
824 2193 842 2238 a
857 2195 888 2234 se
903 2185 1008 2248 eontra
1062 2175 1109 2231 cot
1123 2172 1250 2233 salutem
1266 2174 1392 2234 sollicite
1408 2192 1577 2248 quaeramus
1593 2176 1774 2254 ipsius,eum
1788 2184 1889 2249 lamen

175 2267 254 2340 juris
270 2266 406 2324 ordinem
423 2265 579 2338 separavit.
595 2282 631 2320 ox
647 2270 727 2348 tuno,
744 2266 769 2324 si
792 2267 828 2333 ne
845 2267 964 2340 justitia
979 2262 1008 2328 sl
1062 2261 1255 2324 molestamus
1278 2264 1372 2336 inviti.
1398 2265 1488 2340 eligat
1510 2281 1614 2341 peroro
1638 2269 1739 2340 potius
1762 2271 1888 2334 monitis

179 2357 302 2413 veritate
315 2355 440 2416 coaddit
453 2359 483 2410 et
498 2355 555 2418 isto
566 2353 681 2426 iudicio
698 2354 903 2427 dimittatur,si
917 2358 1008 2424 inerit
1062 2351 1254 2418 nostris,im0
1269 2353 1376 2414 divinis
1392 2371 1481 2430 quam
1497 2357 1684 2426 seueritatem
1699 2358 1887 2420 ecelesiasti-

181 2444 401 2512 dimittendam
417 2443 507 2512 illa,si
524 2443 696 2507 reducenda
710 2445 811 2516 inerit,
826 2446 1005 2518 reducaturr
1061 2456 1126 2501 uam
1141 2442 1268 2514 experiri
1281 2460 1289 2516 3
1305 2461 1374 2516 pum
1388 2445 1413 2506 si
1426 2461 1481 2511 nea
1498 2445 1540 2504 sic
1554 2448 1684 2520 potuerit
1697 2451 1887 2520 revocamus

179 2533 371 2602 resiscere
395 2533 441 2606 agi
466 2533 634 2606 eontigerit,
651 2539 681 2592 et
706 2533 814 2596 animas
839 2536 1005 2608 periculum
1060 2529 1147 2603 plaga
1160 2536 1314 2594 remaneat
1332 2532 1477 2608 incurata,
1494 2535 1681 2597 severitatem
1704 2537 1889 2602 ecclesiasti-

180 2623 339 2696 praedictus
354 2639 406 2683 rex
418 2623 553 2682 incurret
566 2639 620 2694 per
633 2622 813 2689 adulterium
828 2626 908 2698 quod
922 2643 1005 2686 oom-
1059 2634 1125 2686 ,oum
1137 2621 1381 2694 proposuerimus
1395 2623 1560 2694 districtius
1575 2628 1821 2698 exercere-lanio
1833 2646 1888 2688 au-

178 2711 271 2772 mittit
284 2717 314 2772 et
328 2713 359 2776 in
371 2728 479 2786 genere
495 2727 548 2770 suo
564 2712 738 2776 scandalum
753 2720 925 2786 pauentum
935 2733 1006 2789 pro·
1059 2711 1119 2769 iem
1134 2708 1181 2769 his
1198 2712 1396 2784 exsequendis
1411 2712 1568 2782 sollicitius
1582 2715 1756 2786 intendetis.
1773 2725 1885 2791 quanto

178 2801 234 2872 les,
251 2802 276 2860 si
292 2817 358 2874 quis
373 2802 464 2864 luerit
477 2802 534 2861 boa
553 2801 642 2866 modo
658 2808 805 2876 suscepta,
821 2819 883 2874 pop
897 2805 1006 2880 dobosa
1058 2797 1137 2872 apud
1152 2799 1262 2866 multos
1276 2799 1356 2873 inme
1370 2807 1467 2867 restra
1481 2809 1601 2884 estnon
1616 2805 1768 2876 modinum
1783 2823 1888 2882 aggra-

179 2889 296 2948 oonosri
311 2889 444 2962 legitimo
466 2889 518 2948 ooo
536 2889 638 2960 spuria
658 2891 908 2964 potiusjudioani.
925 2895 1005 2962 ticet
1058 2892 1124 2964 vata
1136 2889 1215 2962 quod
1230 2890 1430 2959 mediantibus
1444 2893 1625 2964 quibusdam
1638 2899 1770 2964 vostrum
1781 2901 1885 2968 unm·

179 2983 280 3038 autem
294 2978 428 3038 nondum
443 2993 533 3049 super
545 2979 601 3042 boo
614 2980 858 3047 monitisnostrie
872 2984 1005 3058 paruerit
1059 2977 1098 3044 sit
1111 2983 1298 3053 perpetratus
1314 2996 1462 3048 expassus.
1474 2982 1557 3054 qud
1572 2983 1597 3054 si
1609 2983 1647 3042 ad
1658 2987 1777 3058 tempus
1792 2987 1886 3053 omis-

181 3067 380 3136 etmandatis,
397 3083 434 3139 pe
445 3071 545 3126 umen
556 3067 683 3127 salutem
693 3069 787 3141 ipsius
797 3071 946 3146 negligere
961 3073 1004 3133 ui-
1059 3083 1125 3133 uum
1141 3067 1180 3138 sil
1205 3068 1361 3140 hactenus,
1376 3087 1437 3136 uon
1452 3076 1552 3140 lumen
1577 3078 1623 3142 osi
1641 3074 1764 3140 omniuo.
1779 3075 1884 3136 dimis-

181 3157 347 3226 deamur,si
363 3157 441 3228 quod
457 3157 634 3229 incepimus
648 3157 880 3230 relinquerimus
893 3161 1004 3236 imper.
1019 3141 1044 3210 ll
1058 3171 1126 3218 sum
1141 3156 1213 3230 quin
1228 3160 1323 3231 possit
1336 3163 1365 3218 et
1379 3159 1487 3224 debeat
1500 3160 1641 3228 aduersus
1662 3177 1723 3233 uos,
1746 3162 1772 3232 al
1786 3165 1884 3238 negti-

178 3245 406 3314 iectum,edbuc
416 3262 484 3306 eum
499 3263 552 3318 per
561 3246 705 3304 dilectum
716 3247 812 3309 tilium
822 3255 958 3314 nostrum
969 3257 1001 3314 P.
1056 3250 1159 3320 gentes
1173 3246 1294 3318 ruerint·
1310 3250 1488 3322 remoueri·

178 3338 292 3394 Sancte
315 3336 412 3392 biario
428 3336 459 3392 in
476 3336 527 3392 Via
543 3337 613 3392 Lata
632 3336 791 3402 diaconum
806 3341 1000 3410 cardinalem,
1090 3336 1229 3408 Scriptum
1243 3344 1281 3396 est
1303 3346 1395 3399 nutem
1416 3356 1499 3412 super
1522 3341 1571 3403 loa
1581 3341 1715 3416 praediolo
1740 3345 1882 3404 tuadlauli

177 3425 441 3499 apostolicaesedis
455 3426 596 3499 legatum,
612 3427 650 3485 ad
666 3427 722 3484 boe
736 3428 834 3500 ipsum
850 3431 1003 3496 mandavi·
1055 3425 1210 3498 apostolica
1222 3427 1293 3486 sedis
1308 3428 1406 3500 londo

177 3533 244 3574 mus
259 3516 455 3584 commoneri,
471 3515 576 3578 dantes
592 3516 690 3580 eidem
712 3517 808 3592 legato
828 3520 954 3586 firmiter
968 3524 1001 3585 iu
1392 3537 1533 3596 exorna,

176 3606 325 3664 mundatis
340 3609 383 3674 ut,
401 3605 459 3664 nisi
474 3622 526 3662 rex
541 3605 604 3678 ipse
629 3607 752 3666 monitis
769 3610 879 3668 nostris
894 3615 924 3668 et
935 3611 1001 3684 ejus
1089 3639 1302 3682 inanissimo
1321 3641 1497 3697 omnmo,
1517 3645 1550 3685 ῃ
1567 3644 1697 3687 „1500120
1715 3645 1843 3694 mm,

177 3711 280 3752 aurem
290 3696 436 3752 curaverit
450 3695 568 3754 facilem
583 3695 725 3766 adbibere
740 3699 846 3770 etipse
860 3700 958 3759 adhuc
973 3702 1000 3762 ei
1056 3711 1240 3782 (immittitur
1259 3715 1316 3772 iilis
1336 3731 1419 3782 causo
1442 3719 1641 3791 arcltcpiscopi
1658 3721 1802 3778 Termesso·
1815 3739 1879 3780 oon·

176 3783 302 3842 forsitan
317 3783 442 3843 volucrit
456 3799 546 3856 super
560 3784 717 3846 interdicto
732 3788 863 3860 generali
874 3789 1000 3860 deterre,
1212 3788 1409 3851 traorensem
1424 3790 1453 3849 S.
1468 3793 1565 3851 numa
1579 3792 1612 3848 de
1625 3791 1730 3854 nator.

177 3878 238 3930 tam
253 3873 314 3944 regi
341 3889 431 3943 quam
456 3873 674 3943 superinducto
686 3891 720 3936 ao
741 3893 843 3934 corum
865 3878 999 3947 familiis,
1221 3877 1381 3949 (laterani,
1398 3896 1425 3938 rr
1438 3880 1503 3944 uei.
1519 3880 1716 3954 Novembris).

175 3966 284 4034 prester
298 3961 488 4034 paenitentias
502 3962 706 4034 morientium,
722 3966 802 4027 omni
812 3983 933 4038 prorsus
948 3985 1000 4042 ap·
1090 3962 1271 4038 Significavit
1291 3966 1377 4029 nobis
1401 3968 1579 4034 venerabilis
1606 3969 1700 4030 irater
1727 3975 1830 4035 noster
1844 3975 1878 4032 Α.

174 4049 999 4124 pellationeremota,interdicatomniadivinaoisrciaet
1053 4053 1884 4130 TarentinusarohiepisoopusquodeumecelesiaSane·

175 4138 376 4196 ecelesiastica
391 4143 577 4196 sacramente
592 4146 622 4196 et
645 4141 816 4215 ubicunque
837 4154 998 4216 praesentes
1052 4142 1666 4220 tellaria]deGaleso,sitapropeciriiatem
1675 4149 1880 4222 Tarentinum,

174 4228 341 4298 iporiensis
356 4227 564 4300 presentibus,
576 4233 684 4300 proter
699 4230 847 4302 baptisma
861 4236 999 4295 uorvulo-
1053 4231 1192 4290 Ecclesia
1207 4233 1371 4295 Tarentino
1384 4237 1626 4310 parochialijnro
1639 4238 1774 4312 subjecta
1788 4247 1880 4312 esset,

175 4335 243 4375 rum
258 4324 288 4376 et
302 4317 491 4391 poenitentias
506 4317 709 4387 merientium,
728 4324 788 4379 tam
813 4333 998 4385 sacramenta
1054 4321 1087 4376 R·
1103 4321 1254 4394 l⁰ss⁰ll¹0l⁸
1266 4325 1446 4388 Tarentinus
1461 4326 1493 4387 iu
1507 4325 1715 4400 prejudicium
1730 4329 1810 4402 lufl⁸
1824 4333 1880 4391 EC·

175 4409 274 4464 divine
289 4423 378 4480 quem
406 4406 607 4464 ecclesiastica
630 4407 787 4482 prohibent
806 4411 905 4470 orooro
919 4415 997 4475 cele·
1053 4407 1152 4466 clasiae
1167 4412 1345 4485 Tarentinae,
1360 4431 1427 4486 qum
1450 4416 1633 4492 pernimium
1660 4417 1881 4489 pui00hlulibus

174 4497 397 4570 brari.ldeoque
419 4497 604 4555 universitati
630 4503 734 4556 vestras
759 4515 812 4572 per
836 4507 998 4574 apostolica
1015 4513 1041 4578 D
1055 4500 1192 4556 terminis
1213 4507 1397 4576 augustetur,
1412 4521 1430 4578 a
1443 4504 1512 4568 sede
1524 4505 1687 4578 apostolica
1702 4508 1882 4584 rescriptum

177 4586 288 4657 scripta
309 4585 487 4642 mandamus
512 4591 592 4642 otex
616 4593 699 4658 parto
713 4589 764 4646 noi
788 4593 1002 4664 omnipotentis
1056 4589 1767 4670 exemptionisobtinuitoccasiouecuiusdictus
1782 4597 1882 4658 arohi-

177 4673 309 4731 Patriset
319 4673 382 4728 Filii
396 4679 426 4728 et
436 4674 562 4745 Spiritus
574 4677 680 4746 saneti,
691 4680 868 4738 anctoritate
883 4700 1001 4757 quoque
1056 4677 1212 4758 episcopus
1226 4696 1286 4738 nou
1312 4681 1408 4738 solum
1424 4683 1550 4744 eeclesia
1564 4683 1618 4755 illa
1633 4683 1683 4742 sed
1699 4685 1879 4763 quibusdam

176 4762 332 4818 beatorum
346 4761 557 4832 Apostolorum
570 4765 648 4826 Petri
662 4771 692 4822 et
706 4768 789 4827 Pauli
804 4786 839 4832 ao
853 4775 1001 4842 nostruin
1054 4765 1122 4824 aliis
1137 4767 1260 4840 capellis
1284 4769 1395 4844 injuste
1419 4788 1451 4830 se
1472 4773 1580 4832 asserit
1603 4773 1789 4836 destitutum.
1805 4777 1880 4844 Ouia

175 4851 282 4909 uirtute
298 4849 474 4906 obedientias
490 4850 623 4910 districte
648 4857 838 4929 praecipimus
853 4867 1000 4932 quatenus
1054 4859 1582 4928 veroapostolicasedesabuniversis
1597 4862 1737 4920 Ecclesiis
1752 4864 1879 4938 injurias

176 4930 355 4998 sententiam
368 4954 458 5010 quam
473 4939 551 5000 idem
566 4942 726 5002 cardinatis
741 4946 771 5008 in
787 4964 897 5021 regom,
912 4968 999 5024 supo-
1054 4947 1794 5023 soneturropoltoromoninterr-omonimumobis
1806 4972 1878 5027 pras⁴

175 5028 343 5085 rinductam
359 5032 389 5084 ct
403 5044 506 5084 eorum
521 5028 649 5088 familias
662 5032 709 5089 rel
723 5034 754 5092 in
769 5053 894 5109 regnum
909 5041 999 5103 etiam
1053 5033 1198 5106 cipiantes
1216 5043 1363 5110 quatenus
1373 5039 1411 5098 ed
1429 5039 1529 5104 locum
1548 5043 1647 5115 ipsum
1667 5043 1779 5116 puriter
1793 5060 1879 5102 acce-

175 5117 292 5174 duxerit
307 5117 564 5190 proferendam,et
576 5135 626 5174 vos
641 5121 758 5181 sublato
773 5125 932 5197 cujuslibet
945 5147 999 5204 ap.
1053 5122 1168 5196 dentes,
1184 5126 1209 5182 si
1225 5127 1305 5188 robis
1321 5129 1363 5186 ita
1377 5145 1442 5188 esse
1462 5132 1638 5202 eonstiterit,
1654 5149 1716 5192 uon
1739 5132 1877 5195 obstante

173 5207 345 5281 pollutionis
357 5207 650 5276 obstsoutonrrnitcr
662 5210 823 5270 observetis
839 5221 869 5273 et
883 5217 998 5290 sociatis
1051 5220 1215 5282 memorato
1225 5218 1879 5296 rescriptopersubreptiouomobtentoeam·

174 5297 211 5352 ob
222 5296 288 5352 otiis
298 5296 509 5354 inviolabiliter
517 5297 676 5356 observari.
686 5300 713 5356 Si
724 5302 791 5372 quis
802 5305 881 5369 cuim
897 5307 996 5380 cujus·
1051 5301 1119 5358 dem
1131 5305 1287 5364 ecclesiam
1298 5323 1366 5364 cum
1376 5307 1526 5380 prodiens
1538 5311 1662 5384 capellis
1677 5311 1742 5373 iore
1757 5311 1877 5386 subjee-

174 5401 291 5456 cunque
307 5385 459 5459 dignitatis
473 5385 519 5444 rel
534 5387 648 5444 ordinis
665 5388 707 5446 eis
723 5397 790 5462 post
804 5393 996 5460 interdictum
1050 5395 1121 5458 tam,
1139 5393 1216 5450 sicut
1230 5395 1326 5467 primo
1350 5395 1448 5454 iuerat
1470 5401 1635 5460 Tarentinae
1659 5401 1811 5470 Ecclesiae,
1827 5419 1876 5462 su·

172 5475 997 5546 nostrumvelofficiacelchraredivinarelecclesiastica
1049 5477 1129 5537 bloio
1144 5483 1352 5555 appellationis
1376 5486 1540 5558 obstaculo,
1556 5490 1731 5551 securitate
1753 5497 1875 5564 aposto-

211 5589 267 5659 (90)
281 5589 374 5660 Supra
387 5591 440 5646 lib.
456 5609 477 5660 r,
493 5593 579 5664 epist.
594 5597 620 5650 2.
