3948 6070
74 155 140 212 ssa
595 157 965 218 rourn1mrusauuo
984 160 1020 234 u,
1041 149 1181 224 cuman
1204 171 1281 228 tros.

1741 179 1794 238 8³4

74 283 193 340 mortis
208 283 338 356 eriperet
351 285 493 355 cruciatu,
509 286 561 359 qui
577 287 686 344 clamat
707 287 797 346 etiam
812 305 865 362 per
880 305 911 345 se
926 290 959 359 Α
973 305 1038 346 sam
1049 293 1183 365 prebere
1199 313 1206 352 :
1222 298 1320 371 utqui
1336 300 1436 356 omnia
1450 317 1504 373 pro
1519 301 1582 374 ipso
1597 303 1792 380 dimitterent,

73 373 196 445 ipsum,
213 379 243 429 et
257 372 329 430 dicit
346 391 353 431 :
367 376 399 432 Si
420 378 481 446 quis
493 377 551 433 vult
562 384 625 448 post
639 393 680 433 me
694 380 787 435 venire
798 379 912 450 abneget
968 379 1066 452 ipsum
1091 385 1192 442 omnia
1207 387 1238 442 in
1262 387 1401 444 omnibus
1425 389 1603 448 invenirent.
1620 394 1692 450 Cum
1713 399 1793 458 enim

967 469 1152 529 Hierusalem
1167 475 1269 532 civitas
1283 476 1336 533 illa
1350 479 1679 548 terrestris,sccundum
1695 484 1791 542 inter·-

965 559 1163 630 pretationem
1187 565 1322 621 vocabuli
1343 569 1422 637 pacis
1446 569 1513 624 onio
1541 577 1739 644 nuncupetur,
1762 580 1792 635 et

965 647 1030 719 ipsa
1040 649 1085 705 vix
1096 665 1228 725 unquam
1239 655 1284 710 vel
1303 657 1419 713 modico
1429 662 1561 730 tempore
1572 677 1674 732 pacem
1685 670 1791 735 potue-

70 466 266 534 semetipsum,
283 470 308 519 et
327 465 406 520 tollat
428 481 534 522 aucam
556 483 646 535 suam,
667 474 694 522 et
716 473 848 540 sequatur·
870 485 912 525 me

71 554 193 625 (blattis.
204 571 261 620 xvr,
274 553 330 627 24).
346 556 523 628 Recepimus
533 557 614 614 enirn
624 559 740 616 litteras
755 558 911 615 venerabi·

69 643 158 698 lium
173 643 299 700 fratrum
314 649 484 701 nostrorum
498 647 679 704 Antiochen.
696 654 725 704 et
747 649 909 705 Hierosoli-

72 735 189 788 milen.
206 733 453 805 patriarcharum,
469 735 760 810 archiepiscoporum
775 739 866 794 etiam
881 745 911 795 et

72 823 453 895 episcoporumutriusqne
463 826 623 895 provincias
635 832 665 882 et
674 827 910 885 clarissimorum

72 913 112 968 in
125 913 241 967 Christo
253 912 383 968 illiorum
394 919 565 970 nostrornm
577 917 609 973 Α.
626 916 822 989 Hierosolym.
837 922 867 972 et
877 917 907 976 L.

72 1005 310 1074 Armenregum
326 1000 641 1070 illustrium,similiter
655 1011 685 1061 et
698 1005 908 1079 magistrorum

72 1091 343 1163 Hierosolymitnni
359 1092 519 1164 Hospitalis
535 1099 564 1149 et
579 1094 693 1150 militias
703 1095 907 1166 Templi:qui·

68 1181 906 1253 busnobisexposueruntnecessitatesetmiseriasterraa
961 1191 1021 1242 tate
1036 1193 1153 1244 sanctas
1164 1191 1266 1262 utique
1278 1210 1394 1266 pugnas
1405 1201 1554 1267 exercent,
1571 1215 1639 1256 curn
1649 1201 1717 1257 victi
1732 1219 1788 1275 pu-

68 1276 200 1338 sanctae,
216 1277 395 1338 asserentes,
412 1271 491 1328 inter
505 1271 573 1342 alia,
584 1272 663 1344 quod
679 1289 747 1329 cum
762 1273 906 1330 hactenus
961 1279 1072 1342 tantm,
1085 1277 1632 1360 victoresascenduntineiiabiligloria
1642 1305 1786 1348 coronan-

67 1361 222 1417 Dominus
237 1376 291 1434 per
298 1360 477 1418 discordiam
486 1361 767 1434 Saracenorum,qui
778 1377 810 1418 se
824 1363 905 1436 ipsos
960 1365 1092 1437 di,quam
1107 1368 1253 1426 militibus
1268 1373 1330 1427 suis
1345 1376 1405 1429 Rex
1420 1374 1520 1447 gloriae
1535 1379 1786 1450 praeparavitilas·

66 1461 264 1532 impugntnh
280 1458 417 1516 orientali
433 1459 592 1531 provincie
607 1461 904 1534 pepercisset‚etjam
959 1457 1784 1542 terum,nevideremuroneragrariahumerisimponers

64 1566 158 1604 nunc
173 1549 315 1604 intereos
330 1547 736 1622 depacetractetur,siprius
752 1567 841 1622 quam
857 1567 902 1606 re·
959 1543 1157 1616 subditorum,
1174 1565 1239 1620 quai
1256 1549 1345 1624 digito
1361 1558 1464 1609 nostro
1490 1571 1607 1612 movere
1622 1558 1783 1628 nollemus,

65 1639 167 1694 deant
181 1637 219 1693 ad
234 1637 424 1694 concordiam
440 1655 603 1712 congruum
620 1638 786 1694 subsidium
802 1639 901 1696 mitte·
917 1661 943 1727 B
958 1649 1026 1690 cum
1042 1635 1055 1688 f
1055 1635 1183 1693 ratribus
1198 1641 1308 1696 nostris
1323 1640 1359 1697 de
1374 1643 1467 1714 ipsius
1489 1649 1574 1701 terrae
1588 1647 1783 1708 subventione

65 1732 168 1792 retur,
185 1730 307 1798 sperant
329 1742 381 1797 pro
400 1729 479 1782 certo
504 1724 583 1798 quod
607 1725 693 1782 facile
717 1733 820 1799 posset
845 1727 901 1784 hoc
957 1727 1129 1795 tractantes,
1137 1724 1283 1784 decimam
1298 1745 1412 1801 partem
1427 1739 1624 1803 proventuum
1640 1741 1670 1792 et
1683 1736 1782 1794 reddi-

67 1823 209 1888 tempore
234 1815 388 1870 orientalis
416 1815 567 1886 provincia
595 1814 726 1870 liberari.
744 1815 772 1870 Si
801 1822 900 1872 autem
956 1818 1040 1868 tuum
1052 1819 1220 1872 nostrornm
1237 1817 1274 1874 ad
1291 1819 1355 1890 ejus
1363 1820 1529 1878 subsidium
1540 1821 1678 1882 duximus
1689 1825 1782 1900 depu-

64 1905 157 1978 prius
169 1904 313 1960 redierint
327 1903 559 1960 adconcordiam
570 1921 660 1976 quam
672 1903 838 1961 subsidium
849 1906 900 1963 de·
957 1901 1097 1971 tandem
1113 1903 1224 1978 legatos
1250 1913 1369 1965 nostros
1393 1909 1475 1979 illuc,
1493 1911 1581 1968 dante
1596 1914 1732 1984 Domino,
1747 1917 1780 1976 in

63 1993 335 2062 stinctur,timetur
349 1993 386 2048 ab
402 1992 541 2048 omnibus
557 1992 636 2064 quod
645 1991 797 2049 residuum
813 1999 899 2051 terras
955 1993 1089 2063 proximo
1105 1996 1373 2070 transmissuri,qui
1385 2000 1547 2058 exercitum
1556 2003 1711 2060 Dominiin
1722 2005 1780 2062 hn-

63 2083 210 2140 Saraceni
222 2082 258 2138 de
269 2082 349 2138 facili
359 2081 476 2138 valeant
485 2081 620 2138 obtinere
633 2100 640 2150 ;
652 2099 719 2138 eum
733 2085 899 2157 peregrinis
954 2080 1080 2136 militate
1094 2085 1272 2154 praecedant,
1287 2091 1316 2142 et
1329 2087 1367 2143 ad
1379 2104 1441 2157 eos,
1456 2093 1598 2162 tanquam
1621 2092 1661 2148 ad
1681 2111 1776 2152 unum

61 2175 107 2230 ad
120 2173 239 2246 propria
245 2173 310 2244 jam
320 2171 542 2239 reversis,terra
551 2171 733 2227 remanserit
745 2178 774 2228 et
784 2172 853 2230 viris
869 2179 898 2230 et
953 2175 1051 2242 caput,
1065 2171 1194 2229 universi
1214 2181 1379 2234 recurrant.
1396 2179 1621 2238 venerabilibus
1635 2181 1776 2242 fratribus

60 2260 337 2317 viribusdestituta.
348 2262 500 2316 Honemus
511 2259 600 2333 igitur
608 2261 831 2317 universitatem
846 2279 896 2317 re·
952 2263 1062 2318 nostris
1073 2265 1313 2338 archiepiscopis,
1325 2269 1634 2342 episcopisetdilectis
1643 2273 1713 2331 filiis
1726 2275 1777 2332 ab·

59 2356 161 2408 stram
173 2355 202 2406 et
212 2349 404 2405 exhortamur
417 2349 447 2403 in
457 2349 626 2416 Homin0,et
641 2349 670 2402 in
687 2349 896 2406 remissionem
951 2349 1080 2420 batibus,
1091 2353 1251 2424 prioribus,
1262 2357 1478 2415 archidiaconis
1487 2364 1515 2415 et
1527 2361 1659 2432 decanis,
1670 2369 1701 2420 et
1710 2365 1777 2422 aliis

61 2440 152 2498 vobis
162 2439 347 2514 injungimus
358 2441 547 2510 peccatorum
563 2441 711 2508 quatenus
718 2442 786 2492 ante
794 2438 895 2495 oculos
951 2438 1143 2496 ecclesiarum
1158 2443 1367 2514 praelatis‚imo
1383 2447 1472 2504 etiam
1486 2448 1602 2506 clericis
1617 2451 1775 2522 universis,

61 2531 167 2589 cordis
176 2526 465 2586 habentesexsilium
473 2527 896 2599 Crucifixiquipotentessunt
950 2535 981 2590 iu
991 2537 1097 2593 virtute
1108 2540 1201 2595 sancti
1213 2541 1338 2613 Spiritus
1348 2550 1377 2599 et
1388 2545 1441 2601 sub
1453 2545 1544 2602 divini
1552 2548 1658 2620 Jndicii
1676 2550 1776 2608 obtes-

61 2619 205 2694 praelium
220 2616 338 2673 Domini
353 2614 493 2687 praeliari,
509 2620 539 2669 et
561 2632 680 2672 crucem
693 2622 722 2672 et
748 2632 831 2673 arma
845 2635 894 2674 ca-
949 2625 1060 2683 tatione
1075 2629 1253 2686 mandamus
1267 2637 1300 2686 ut
1314 2632 1419 2690 saltem
1434 2634 1692 2710 quadragesimam
1705 2655 1774 2712 par-

60 2723 191 2792 pessant
204 2734 212 2782 ;
227 2716 277 2788 qui
289 2731 356 2772 vero
367 2729 427 2769 non
437 2711 629 2770 sunthabiles
639 2713 676 2770 ad
687 2715 892 2788 pugnandum,
947 2716 1771 2796 temecclesiasticorumreddituumetproventuumsuo·

61 2811 99 2865 in
114 2805 252 2879 expensis
267 2805 329 2861 suis
341 2803 504 2860 secundum
514 2805 650 2876 proprias
658 2803 817 2862 facultates
832 2807 891 2862 ali·
946 2819 1024 2872 rum,
1040 2804 1236 2864 estimatione
1251 2809 1352 2868 habita
1367 2812 1512 2884 diligenti,
1529 2815 1560 2870 in
1575 2815 1770 2873 subventione

60 2914 140 2970 quos
149 2893 459 2968 dirigantbellatores;
471 2909 526 2948 nec
535 2893 574 2948 sit
584 2894 634 2965 qui
645 2909 676 2949 se
688 2893 724 2950 ab
734 2895 824 2968 hujus
838 2895 892 2952 ob·
946 2895 1263 2968 orientalisprovinciae
1279 2917 1341 2957 non
1356 2902 1496 2959 differant
1510 2906 1770 2982 erogare.rldhaec,

59 2984 378 3058 sequiosubrentionis
386 2983 703 3056 excusetquinaliquid
711 2985 816 3042 saltem
824 3003 889 3042 mo·
945 2983 976 3040 in
986 2985 1110 3059 singulis
1122 2987 1256 3045 ecclesiis
1267 2994 1404 3047 truncum
1415 3007 1576 3049 concavum
1587 2996 1657 3067 poni
1668 2998 1771 3069 praci-

57 3078 162 3134 dicum
173 3079 293 3148 propter
301 3073 357 3130 hoo
367 3073 470 3129 devote
481 3089 515 3129 ac
525 3072 654 3129 libenter
663 3074 888 3146 impendat,nisi
904 3035 930 3102 C
944 3073 1500 3154 pimus,tribusclavibusconsignatum
1508 3099 1515 3149 ;
1523 3099 1680 3156 nuapenes
1691 3087 1770 3158 epis-

58 3167 114 3239 qui
130 3171 249 3223 aterna
264 3163 390 3220 voluerit
398 3179 462 3219 esse
472 3165 723 3224 remunerationis
734 3165 886 3222 immunis.
944 3165 1197 3235 copum,secunda
1211 3184 1302 3240 penes
1317 3169 1522 3241 presbyterum
1535 3171 1769 3242 acclamatoriis

57 3257 236 3328 Quicunque
246 3255 404 3310 enimcum
421 3252 573 3308 erubuerit
588 3268 689 3309 coram
704 3253 889 3323 hominibus,
943 3269 997 3325 per
1011 3253 1142 3326 aliquem
1164 3255 1337 3330 religiosum
1362 3257 1471 3314 laicum
1487 3262 1698 3320 conservandis
1715 3265 1767 3322 :in

59 3344 363 3418 etipseillumcoram
370 3341 483 3415 angelis
491 3341 654 3398 erubescet.
667 3342 794 3398 Potestis
808 3343 888 3398 enim
943 3341 1052 3414 quibus
1068 3343 1172 3400 fideles
1183 3345 1309 3417 quilibet
1323 3347 1472 3419 deponere
1484 3365 1552 3405 suas
1562 3352 1767 3426 eleemosynas

60 3441 92 3491 et
102 3433 217 3490 debetis
228 3431 417 3489 considerare
428 3430 581 3486 vobiscum
589 3429 667 3501 quod
678 3431 702 3485 si
713 3447 765 3486 rex
779 3431 888 3504 aliquis
942 3431 974 3486 in
989 3432 1165 3489 remissione
1182 3451 1303 3491 suorum
1318 3438 1478 3494 criminum
1490 3447 1679 3511 moneantur,
1692 3448 1721 3498 et
1734 3443 1766 3501 in

60 3522 236 3596 temporalis
251 3523 282 3577 in
297 3520 497 3593 captivitatem
513 3519 637 3576 forsitan
652 3519 812 3588 deveniret,
829 3521 888 3576 nisi
942 3520 1067 3592 singulis
1083 3520 1216 3578 ecclesiis
1232 3524 1325 3580 semel
1340 3525 1370 3582 in
1386 3525 1572 3584 hebdomada
1585 3546 1638 3600 pro
1652 3531 1764 3588 remis-

59 3614 168 3671 vassali
182 3614 246 3686 ejus
258 3629 312 3685 pro
322 3610 498 3667 liberatione
507 3609 588 3682 regia
596 3626 656 3664 non
666 3609 762 3665 solum
775 3627 826 3665 rex
836 3626 885 3666 ex·
942 3608 1397 3683 sionepeccatorumpraesertim
1406 3615 1699 3686 offerentiummissa
1708 3637 1763 3692 pu-

56 3711 205 3778 ponerent
221 3703 273 3760 sed
298 3717 451 3774 personas,
467 3717 567 3756 nonne
591 3717 658 3756 cum
679 3700 887 3756 restitueretur
940 3696 1208 3757 blicedecantetnr.
1220 3701 1416 3760 Concedimus
1429 3704 1517 3762 etiam
1530 3707 1761 3781 archiepiscopis

56 3795 192 3869 pristinas
201 3793 332 3852 libertati
340 3799 369 3848 et
378 3792 650 3864 acciperettempus
655 3791 667 3864 j
672 3791 803 3847 ustitiam
807 3791 887 3863 judi.
941 3787 1162 3860 etapiscopisut
1172 3790 1251 3846 circa
1262 3793 1372 3863 eosqui
1384 3793 1420 3849 de
1431 3793 1517 3851 bonis
1528 3796 1681 3853 suisterrae
1692 3815 1762 3855 san·

57 3885 156 3952 candi,
168 3883 335 3957 proditores
345 3898 395 3938 eos
406 3881 503 3954 regios
515 3885 544 3936 et
555 3880 639 3952 quasi
650 3879 780 3952 perfidos
796 3885 824 3936 et
840 3880 884 3936 in·
940 3880 994 3931 clm
1009 3876 1157 3935 voluerint
1180 3879 1345 3947 subvenire,
1362 3882 1397 3937 de
1412 3882 1609 3940 discretorum
1629 3887 1760 3943 virorum

57 3969 807 4044 fidelesdamnabilesjudicaret,excogitaretmortis
817 3969 886 4026 hac·
939 3964 1075 4034 consilio,
1089 3967 1231 4039 qualitate
1245 3985 1441 4041 personarum
1457 3977 1487 4028 et
1505 3989 1606 4030 rernm
1620 3974 1759 4034 facultate

55 4070 143 4121 tenus
166 4063 364 4136 inexcogitata
385 4065 534 4116 tormenta
561 4059 670 4132 quibus
695 4059 790 4117 malos
805 4058 883 4116 male
937 4067 1070 4136 pensatis
1085 4070 1115 4122 et
1129 4067 1314 4125 considerato
1330 4071 1525 4128 nihilominus
1539 4071 1702 4131 devotionis
1718 4075 1760 4132 af·

56 4161 240 4234 perderet,et
249 4161 281 4217 in
292 4175 395 4216 eorum
406 4159 485 4215 bona
496 4157 600 4214 fideles
610 4158 727 4230 aliquos
743 4157 882 4232 subroga·
937 4152 1027 4223 fectu,
1036 4171 1110 4228 opus
1121 4155 1763 4237 injunelaepoeuitentiecommutarepossint

57 4249 126 4304 reti
141 4251 243 4304 Nonne
259 4249 398 4304 similiter
410 4247 555 4304 Dominus
569 4249 653 4304 lesus
664 4248 798 4302 Christus
822 4249 882 4302 ilex
937 4242 1053 4316 inopus
1065 4245 1426 4320 eleemosynaefaciendae.
1439 4253 1478 4306 Ne
1490 4256 1590 4307 autern
1601 4252 1700 4310 clerici
1716 4254 1761 4310 rel

57 4352 160 4408 regum
181 4341 210 4392 et
234 4337 376 4392 Hominus
401 4336 629 4402 dominantium,
644 4337 694 4408 qui
719 4352 828 4408 corpus
852 4341 882 4392 et
937 4331 1005 4388 laici
1021 4333 1052 4389 in
1068 4335 1123 4390 hoc
1138 4335 1249 4394 frustra
1271 4353 1302 4392 se
1317 4337 1438 4394 doleant
1452 4340 1612 4412 aggravari,
1630 4339 1682 4396 sed
1696 4341 1761 4413 jam

58 4426 188 4482 animam
203 4424 285 4480 vobis
300 4423 435 4493 contulit,
452 4426 503 4496 qui
518 4441 567 4481 vos
583 4425 725 4498 sanguine
749 4425 879 4498 pretioso
894 4405 922 4471 D
938 4438 1018 4477 nunc
1033 4421 1069 4478 de
1085 4440 1139 4479 sua
1153 4423 1214 4479 sint
1228 4425 1447 4496 quodammodo
1463 4427 1598 4484 mercede
1614 4428 1761 4496 securi‚do

964 735 1004 792 rit
1016 738 1162 811 obtinere,
1177 745 1334 815 promissio
1351 747 1432 818 pacis
1444 746 1482 804 ad
1504 748 1588 805 illam
1605 751 1788 816 Hierusalem

963 842 1019 882 nos
1030 829 1161 900 proiecto
1172 835 1426 908 transmittitque
1437 853 1555 896 sursum
1571 845 1617 896 est
1625 847 1721 899 mater
1735 861 1790 904 no-

964 919 1035 978 stra.
1047 917 1143 990 inqua
1148 939 1205 994 pax
1216 925 1278 992 Dei,
1289 933 1520 998 quaiexsuperat
1530 945 1650 986 omnem
1658 947 1788 1006 sensum,

963 1003 1105 1064 abundat.
1123 1011 1166 1065 hd
1182 1011 1258 1068 hanc
1282 1014 1381 1086 itaque
1403 1017 1470 1071 novi
1485 1017 1540 1073 sub
1557 1035 1632 1076 novo
1656 1027 1789 1096 tempore

963 1095 1132 1169 Hachabaei,
1148 1101 1198 1171 qui
1214 1119 1268 1174 pro
1279 1104 1411 1176 paternis
1423 1104 1536 1179 legibus
1554 1114 1583 1163 et
1597 1117 1701 1168 sancta
1715 1114 1786 1172 civi·

59 4514 194 4582 redemit,
210 4513 247 4570 de
256 4511 477 4586 ingratitudinis
489 4513 558 4569 vitio
570 4520 599 4568 et
607 4513 687 4570 velut
695 4513 881 4570 infidelitatis

59 4603 183 4661 crimine
196 4619 248 4659 ros
263 4600 426 4669 damnabit,
435 4601 459 4656 si
472 4601 499 4658 ei
515 4600 630 4674 objecto
646 4601 682 4658 de
699 4609 777 4660 terra
791 4619 881 4675 quam

59 4693 152 4767 pretio
161 4693 207 4750 sui
217 4690 567 4764 sanguiniscomparavit,
583 4691 704 4764 etquasi
721 4693 834 4766 captivo
850 4693 880 4750 in

60 4782 217 4838 salutifera
232 4779 329 4837 crucis
340 4779 420 4852 ligno
436 4778 761 4854 detento,neglexeritis
775 4781 880 4837 subve-

61 4872 123 4928 nire
133 4871 146 4926 l
157 4871 232 4928 Sane
243 4885 312 4927 cum
324 4867 401 4924 nihil
411 4869 504 4940 possit
518 4870 715 4943 omnipotenti
730 4870 880 4943 resistere,

61 4957 882 5033 quietameniidelessuostemporaliterprobaredispo-

61 5051 104 5104 nit
117 5050 146 5105 in
171 5065 271 5122 opere,
287 5065 362 5120 quos
377 5046 559 5104 eternaliter
572 5049 604 5106 in
620 5049 881 5122 predestinatione

62 5141 314 5212 cognovit,praster
325 5154 468 5194 arcanum
479 5137 569 5193 divini
577 5139 694 5211 judicii,
710 5139 789 5210 quod
806 5143 881 5198 nulli

63 5227 228 5284 mortalium
244 5227 346 5284 datum
362 5233 408 5284 est
419 5243 506 5300 posse
522 5228 658 5296 scrutari,
674 5227 749 5284 forte
764 5229 883 5285 miseri-

64 5329 125 5368 cors
135 5315 221 5384 Heus,
232 5331 300 5370 cum
307 5315 371 5388 jam
383 5313 656 5386 superabundasset
666 5315 819 5386 iniquitas,
836 5333 880 5372 ra-

62 5402 231 5473 frigescente
242 5402 386 5460 charitate
396 5403 811 5474 multorum,voluittidelibus
822 5405 883 5462 suis

64 5491 242 5551 occasionem
255 5498 396 5568 prestare
412 5492 528 5564 saluus,
544 5493 606 5552 imo
622 5493 793 5552 salvationis
809 5509 882 5552 cau·

179 5611 290 5671 Pauor.
322 5611 438 5673 cunv-

936 4510 987 4565 Dei
998 4511 1210 4583 omnipotentis
1222 4513 1426 4570 misericordia
1436 4520 1466 4570 et
1474 4516 1628 4572 beatorum
1641 4523 1761 4590 aposto·

935 4598 1034 4654 lorum
1055 4601 1134 4655 Petri
1150 4605 1180 4656 et
1203 4601 1287 4657 Pauli
1313 4603 1488 4660 auctoritate
1510 4605 1626 4674 contisi,
1651 4622 1687 4664 cx
1707 4607 1760 4664 iila

936 4703 1026 4760 quam
1036 4687 1124 4745 nobis
1134 4690 1444 4766 Heuslicetindignis,
1459 4692 1570 4766 ligandi
1582 4699 1612 4749 et
1626 4695 1759 4754 solvendi

936 4777 1062 4832 contulit
1074 4779 1378 4850 potestate,omnibus
1392 4781 1442 4852 qui
1457 4780 1590 4838 laborem
1604 4784 1695 4856 hujus
1710 4786 1760 4842 iti-

936 4866 1017 4924 neris
1032 4867 1062 4922 in
1086 4869 1222 4939 personis
1245 4869 1373 4942 propriis
1397 4870 1544 4928 subierint
1557 4878 1587 4929 et
1609 4874 1758 4947 expensis,

935 4957 1055 5029 plenam
1080 4973 1201 5012 suorum
1223 4962 1422 5029 peccatorum,
1440 4958 1598 5032 dequibus
1618 4962 1716 5017 cordis
1731 4967 1761 5017 et

936 5047 997 5102 oris
1011 5045 1126 5118 egerint
1141 5046 1475 5117 poenitentiam,veniam
1489 5049 1678 5124 indulgemus
1690 5049 1758 5107 etin

937 5134 1163 5192 retributionem
1175 5137 1326 5208 justorum
1337 5137 1441 5194 salutis
1452 5143 1571 5193 aeteram
1584 5137 1763 5209 pollicemur

937 5225 1190 5297 augmentumliis
1201 5232 1300 5281 autern
1310 5227 1360 5298 qui
1373 5241 1434 5281 non
1445 5227 1476 5281 in
1485 5227 1622 5298 personis
1632 5227 1760 5299 propriis

938 5314 1008 5369 illuc
1019 5315 1210 5382 accesserint,
1222 5315 1274 5371 sed
1285 5315 1316 5371 in
1327 5315 1388 5370 suis
1399 5319 1513 5370 tanturn
1525 5315 1664 5386 expensis
1674 5315 1761 5388 juxta

937 5401 1109 5460 facultatem
1121 5409 1151 5458 et
1169 5404 1342 5474 qualitatem
1353 5418 1436 5458 suam
1447 5403 1524 5458 viros
1535 5401 1658 5458 idoneos
1669 5402 1760 5461 desti·

937 5492 1047 5563 narint,
1057 5490 1120 5548 illic
1129 5508 1183 5564 per
1195 5508 1306 5549 annum
1314 5496 1481 5550 moraturos
1490 5491 1528 5548 ad
1537 5491 1647 5561 minus,
1661 5492 1759 5550 stillis

1598 5612 1633 5664 il
