3972 6068
27 389 87 442 729

558 386 810 446 adnuncians
829 389 925 448 inito
944 391 979 463 Π,
1000 395 1139 455 canisii
1158 398 1237 455 1199.

1691 400 1744 455 7³⁰

26 513 121 582 cerit,
140 512 331 587 abepiscopo
354 512 540 572 districtione
564 514 709 571 canonica
731 513 864 588 compel—
876 519 909 586 Α
924 527 1024 577 mento
1040 523 1170 580 exhibito
1185 529 1215 580 et
1229 523 1369 580 mandato
1392 527 1511 597 recepto
1528 539 1596 580 suas
1610 523 1697 582 nobis
1713 526 1745 582 in

27 584 127 640 latur·
146 607 161 636 ii

68 679 87 704 «ι
100 657 173 711 VIIl.
188 657 260 712 Cum
268 655 401 713 duaesint
410 657 726 730 interrispotestatesa
738 658 862 714 Domino

25 728 218 792 constitutae,
231 728 393 801 spiritualis
403 729 575 785 videlicetet
585 729 736 786 saecularis
748 747 755 798 ;
767 735 796 786 et
804 745 863 786 nna

27 799 651 872 despiritualibusetecclesiasticis‚altera
661 801 697 857 de
712 802 864 858 saeculari-

26 869 92 926 bus
105 870 215 952 habeet
221 871 459 946 judicare,giave
470 871 629 928 committit
630 878 787 998 peccatum
796 872 864 956 qui-

25 941 627 1014 cumquelaicusvelEcclesiasdonareve
646 944 862 1000 ecclesiasticas

26 1031 183 1085 personas
188 1013 325 1086 judicare
336 1016 499 1087 praesumit.
511 1016 654 1081 Quocirca
665 1015 862 1088 praesentide·

27 1091 120 1140 creto
132 1085 290 1141 statuimus
302 1087 533 1143 auctoritatellei
541 1086 755 1158 omnipotentis
763 1088 863 1143 ethea-

27 1163 138 1212 torum
153 1157 356 1229 apostolorum
369 1160 448 1214 Petri
464 1164 494 1215 et
508 1159 592 1214 Pauli
609 1164 638 1214 et
649 1157 763 1214 domini
778 1175 815 1231 pa
837 1175 862 1214 aa

26 1228 218 1295 iunocentii,
228 1234 261 1286 nt
288 1231 437 1302 uicunque
448 1229 799 1286 clericusdemanulaica
808 1176 861 1286 iio-

27 1300 161 1356 clesiam
171 1247 800 1374 veleciiesiasticabenellciereceperit,tam
809 1301 860 1373 qui

29 1371 159 1426 dederit
167 1388 257 1443 quam
268 1373 320 1444 qui
333 1373 489 1446 receperit,
503 1371 607 1428 tandiu
622 1373 862 1428 excommunica-

27 1443 128 1498 tionis
144 1443 260 1499 vinculo
277 1450 413 1501 teneatur
424 1445 573 1512 astrictus,
585 1443 680 1500 donec
690 1442 726 1500 ad
735 1444 861 1500 manda-

28 1521 100 1570 tum
111 1515 568 1588 Ecclesimplenariesatisfaciat:
581 1520 611 1572 et
636 1514 694 1570 uod
705 1521 861 1572 contraea-

28 1603 104 1642 eros
115 1603 245 1644 canones
259 1587 371 1644 iactum
384 1587 474 1644 tuerit
488 1587 606 1644 irritum
616 1531 766 1643 (habeatur
775 1593 861 1644 etva-

27 1673 139 1714 cnum.
150 1658 222 1715 Illos
236 1663 336 1716 autem
351 1658 454 1727 laicos,
469 1659 602 1731 quiante
618 1658 861 1714 constitutionem

27 1731 125 1784 istam
137 1729 283 1786 Ecclesiae
294 1729 861 1801 donaveruntveliuecclesiasticasper·

27 1817 127 1856 sonas
138 1817 243 1858 manus
254 1801 421 1874 injecerunt
430 1799 720 1870 violentas,volumus
732 1817 786 1874 per
796 1799 861 1872 epi-

28 1888 144 1944 scopos
158 1873 246 1929 tertio
261 1874 460 1942 commoneri;
473 1879 503 1929 et
513 1873 569 1928 nisi
579 1871 783 1946 poenitentiam
793 1888 859 1945 ege·

26 1945 98 2024 rint
113 1950 341 2017 competentem,
352 1945 456 2002 eadem
471 1945 620 2002 sententia
635 1948 794 2002 teneantur
808 1960 859 2000 as-

28 2015 127 2070 tricti.
144 2035 157 2066 ι

71 2109 87 2137 «
101 2088 148 2143 tx.
165 2086 462 2144 Excommunicamus
477 2103 582 2143 omnes
596 2084 664 2142 illos
675 2085 725 2158 qui
742 2085 861 2141 thesau-

26 2175 84 2214 ros
100 2158 300 2215 Ecclesiarum
314 2159 425 2231 injuste
441 2159 586 2226 detinent,
598 2157 693 2214 donec
705 2157 863 2212 restituant

30 2237 65 2286 et
82 2246 134 2287 eos
150 2231 200 2302 qui
216 2231 335 2287 Latinos
345 2230 480 2287 detinent
493 2231 525 2286 in
536 2230 685 2298 servitute,
696 2228 728 2283 ni
743 2232 863 2300 recepta

30 2303 166 2428 Γῖοιιιιία
180 2319 270 2374 quam
294 2301 450 2371 dederunt,
474 2319 525 2359 eos
546 2301 680 2376 pristinu
704 2301 863 2357 restituant

45 2375 54 2428 i
82 2375 180 2430 artati.
195 2395 209 2424 n

72 2466 88 2495 «ι
103 2447 139 2501 ll.
154 2447 228 2502 Item
241 2445 533 2502 excommunicamus
544 2459 648 2501 omnes
657 2442 724 2499 illos
735 2442 785 2514 qui
796 2458 862 2514 pro·

29 2517 117 2588 prias
139 2516 317 2573 dimiserunt
331 2533 438 2572 uxores
459 2515 505 2572 vel
520 2515 555 2572 de
571 2520 677 2571 caetero
693 2513 862 2570 dimiserint

68 2681 85 2710 a
127 2661 150 2715 1.
167 2659 362 2718 Prohibemus
377 2659 467 2714 etiam
481 2664 515 2714 ut
536 2658 591 2714 lilii
617 2657 859 2730 presbyterorum

29 2731 131 2802 etqui
154 2730 192 2787 de
215 2731 347 2804 legitimo
371 2746 433 2786 nou
455 2735 525 2786 sunt
539 2730 601 2787 uati
615 2727 806 2785 matrimonio
822 2726 859 2784 ad

27 2818 138 2858 sacros
153 2801 272 2858 ordines
285 2819 345 2858 uon
360 2801 512 2858 accedant.
528 2823 542 2851 n

75 2895 86 2921 ι
104 2873 165 2928 llll.
179 2871 321 2928 Similiter
333 2873 525 2956 prohibemus
539 2874 573 2927 ut
587 2870 688 2926 nullus
704 2868 859 2926 ordinetur

29 2944 69 3000 iii
81 2943 278 3012 sacerdotem,
289 2945 345 3000 iiisi
355 2940 707 3018 trigesimumeiipleverit
716 2956 829 2997 annum
844 2961 858 2991 n

29 2587 225 2716 sineiudicio
238 2587 388 2654 Ecclesiae,
403 2588 497 2644 donec
508 2586 545 2643 ad
555 2587 635 2670 ipsas
645 2589 858 2641 revertantur.»
910 2624 1741 2700 juramentimandavimuscommonffionemcanonicam

918 609 1123 668 testimonium
1146 613 1260 670 litteras
1289 613 1456 683 destinarit,
1482 629 1556 686 quas
1585 613 1664 685 apud
1688 631 1744 672 nos

917 699 1013 758 adhuc
1029 701 1059 758 in
1075 703 1278 760 testimonium
1294 719 1354 760 suae
1379 703 1562 762 contusionis
1584 703 1739 761 habemus.

918 797 973 855 Sed
985 800 1022 855 ad
1037 807 1180 857 vomitum
1194 801 1312 857 rediens
1330 806 1359 857 et
1373 801 1475 858 volens
1499 801 1597 858 adhuc
1611 802 1642 856 iii
1666 807 1742 858 ster·

916 904 984 945 core
1000 905 1053 946 suo
1067 895 1306 962 computrescere
1321 894 1353 946 ut
1363 891 1546 964 jumentum,
1572 891 1659 946 nobis
1674 895 1744 964 post

916 978 1133 1037 absolutionem
1150 981 1293 1052 quasdam
1306 980 1418 1037 litteras
1433 980 1608 1037 destinavit:
1624 981 1655 1037 iu
1671 997 1743 1054 qua·

915 1083 983 1125 rum
993 1070 1318 1143 salutationisalloquio
1328 1069 1463 1127 fraudem
1471 1069 1745 1144 ejusintelleximus

916 1168 1743 1243 manifesteineoquodinsalutationeipseperspeximus

916 1259 1062 1316 contineri
1075 1259 1136 1318 sic:
1161 1260 1350 1317 liorooooldus
1364 1261 1475 1331 imperti
1495 1260 1669 1328 senescalcus,
1686 1265 1743 1315 etc.

915 1350 950 1403 Et
966 1349 996 1404 in
1007 1349 1075 1405 aliis
1091 1351 1133 1406 sic
1146 1355 1209 1406 erat
1221 1365 1393 1422 expressum
1411 1366 1417 1404 :
1431 1350 1619 1405 Morcoooldns
1633 1349 1745 1420 imperit

914 1439 1079 1495 senescalcus
1093 1445 1118 1495 at
1128 1440 1159 1495 id
1170 1440 1245 1512 qnod
1254 1445 1291 1496 cst
1301 1457 1312 1504 ;
1329 1443 1470 1511 tanquam
1485 1454 1539 1494 nec
1551 1455 1586 1495 ex
1597 1442 1658 1494 toto
1669 1455 1743 1510 sup-

914 1527 1058 1599 primeret
1072 1545 1128 1584 uec
1143 1528 1323 1601 exprimeret
1332 1528 1490 1584 manifeste
1503 1526 1582 1600 quod
1593 1526 1675 1600 regni
1685 1527 1739 1582 ba-

915 1617 974 1674 lius
990 1623 1020 1674 et
1033 1623 1207 1692 procurator
1222 1619 1371 1674 existeret.
1384 1617 1565 1691 Supplicavit
1575 1623 1675 1674 autem
1688 1633 1741 1674 no·

915 1715 961 1772 bis
972 1716 1620 1790 perlitterasipsasutadtempusmandatum
1630 1715 1743 1789 quodsi

914 1805 1619 1879 leceramuspervenerabilemfratremnostrum
1629 1807 1738 1863 Ollos·

877 1897 902 1962 B
918 1903 1044 1960 tiensem
1054 1905 1226 1977 episcopum
1238 1910 1267 1960 et
1276 1903 1418 1960 dilectum
1430 1903 1524 1960 tilium
1537 1905 1568 1960 G.
1581 1903 1658 1959 tituli
1672 1903 1744 1958 Sau-

917 1998 971 2049 ctae
982 1994 1079 2050 Mariae
1092 2001 1173 2052 trans
1188 1993 1316 2049 Tiberim
1331 1993 1538 2066 presbyterum
1554 1999 1584 2049 et
1597 1994 1630 2049 ll.
1644 1991 1742 2050 Sancti

915 2083 1065 2139 Eustachii
1076 2083 1235 2138 diaconum
1244 2081 1457 2150 cardinales,ut
1467 2081 1503 2139 ab
1516 2079 1594 2138 balio
1610 2081 1693 2154 regni
1709 2085 1739 2136 et

916 2171 1125 2228 molestatione
1147 2177 1287 2240 cessaret,
1315 2189 1488 2228 curaremus
1509 2169 1744 2227 misericorditer

916 2272 1092 2343 temperare.
1107 2269 1163 2326 Sed
1177 2286 1232 2326 nos
1245 2268 1276 2326 id
1287 2269 1488 2342 intelligentes
1503 2268 1534 2323 iii
1550 2268 1671 2324 honoris
1684 2285 1740 2324 iio·

916 2358 954 2414 tri
964 2359 1164 2431 dispendium,
1173 2357 1385 2416 detrimentum
1396 2359 1478 2432 regui
1489 2363 1518 2414 et
1532 2357 1662 2430 petentis
1675 2358 1743 2413 aiii-

914 2465 972 2505 mae
987 2449 1154 2521 periculum
1170 2449 1349 2518 redundare,
1364 2465 1424 2506 non
1440 2448 1538 2504 solum
1548 2465 1608 2504 uon
1619 2464 1741 2504 conces·

915 2537 1008 2594 simus
1019 2538 1100 2610 quod
1107 2536 1291 2610 petebat,sed
1302 2537 1399 2592 denuo
1407 2536 1433 2592 ei
1441 2535 1495 2592 sub
1507 2535 1606 2592 debito
1617 2536 1743 2608 prestiti

915 2718 1141 2790 premittentes,
1153 2723 1185 2773 ut
1199 2715 1378 2790 epraedictis
1390 2717 1426 2772 de
1442 2721 1549 2772 casuro
1560 2715 1680 2788 penitus
1691 2715 1743 2772 ab·

915 2815 1245 2873 stiueret.Postmodum
1256 2831 1323 2871 vero
1334 2813 1415 2870 idem
1426 2811 1634 2870 llarcowaldus
1649 2829 1739 2885 ques-

913 2903 982 2962 dam
998 2905 1085 2962 nobis
1103 2904 1218 2961 litteras
1233 2904 1402 2972 destinavit,
1418 2903 1449 2959 iii
1465 2903 1574 2976 quibus
1588 2903 1620 2958 in
1634 2902 1737 2958 mani-

74 3037 86 3066 .
104 3017 164 3088 ΕΒ,
178 3015 269 3072 frates
288 3016 413 3072 Jofflmes
437 3016 555 3097 dopmni¹
568 3030 652 3086 βψω
675 3013 858 3085 capellanus,
911 2996 1022 3053 festum
1038 2995 1082 3052 sui
1099 2995 1223 3068 perjurii
1237 2998 1446 3069 argumentum
1462 3009 1493 3050 se
1508 2993 1622 3050 balium
1633 2999 1740 3066 etpro-

30 3086 208 3213 appstolicfae
223 3085 441 3214 {Spisslegatuls
453 3087 557 3170 scripsi
574 3083 846 3212 etae⁵⁰b⁵vffffigssinils

32 3159 681 3313 api>sitifiniieasedisliigituguihilsiiiigsi.'iu
762 3297 767 3308 Ι
849 3197 856 3224 ’

74 3321 88 3350 e
103 3303 162 3384 Ego
180 3303 308 3358 loannes
331 3301 506 3358 Diocliensis
528 3305 559 3356 et
580 3298 785 3354 antibarensis
807 3311 859 3352 ar-

33 3373 188 3444 chiepisco
211 3389 245 3430 us
260 3373 431 3446 subscripsi.
449 3395 463 3424 n

73 3467 88 3525 .“
102 3447 160 3526 ligo
202 3445 350 3502 omiuicus
367 3443 606 3516 archipresbyter
628 3441 751 3498 Arban.
773 3437 860 3495 subs-

34 3531 80 3570 (ΞΠ
104 3533 140 3572 St.
155 3538 169 3567 n

76 3534 164 3661 fago
179 3589 283 3644 Petrus
298 3586 431 3644 Souarin.
448 3585 604 3658 episcopus
619 3579 781 3654 subscripsi
809 3599 823 3629 n

75 3680 90 3710 κ
104 3661 163 3733 Ego
173 3661 301 3716 loannes
316 3658 480 3716 Polatinen.
493 3657 649 3728 episcopiis
660 3651 831 3734 subscripsi.
846 3671 857 3698 ι

72 3752 87 3782 v
104 3733 164 3804 Ego
179 3733 283 3788 Petrus
298 3731 483 3786 Arvastinen.
500 3728 657 3800 episcopiis
667 3725 859 3803 subscripsi.»

71 3826 86 3853 v
104 3795 860 3876 EgoDominicusSoacinenepiscopussubscripsi.»

71 3894 83 3927 e
99 3875 160 3948 Ego
177 3874 289 3931 Natalis
306 3873 461 3930 llulcineu.
478 3871 635 3945 episcopus
655 3864 827 3939 subscripsi.
843 3884 858 3915 o

373 3960 515 4018 Gllllllll.

30 4051 189 4110 coiiiriaus,
207 4049 371 4106 canonieus,
398 4048 505 4088 cineus
532 4047 564 4086 ar
592 4043 726 4086 onivsiso
755 4038 860 4082 ioiuao

212 4123 240 4163 iii
261 4121 350 4162 necno
374 4119 479 4160 sienim
498 4115 680 4158 consriroris.

241 4180 279 4234 De
293 4177 460 4234 absolutione
474 4173 653 4232 Morcoootdt.

68 4253 125 4324 (84)
141 4253 284 4324 Exoptata
298 4249 381 4322 regni
397 4245 599 4318 tranquillitas
610 4238 861 4299 etdebitumoltl·

30 4342 70 4398 cii
85 4339 256 4414 pastoralis,
267 4355 325 4410 quo
336 4343 474 4394 tenemur
484 4333 618 4408 singulos
633 4331 670 4388 ad
684 4330 761 4386 vieni
771 4327 861 4386 recti·

31 4431 147 4488 tudinis
162 4443 311 4492 revocare,
327 4442 383 4483 nos
398 4424 436 4482 ad
456 4420 640 4480 llarcoivaldi
656 4417 860 4490 receptionem

30 4519 168 4586 induxit3
184 4534 222 4574 ne
238 4517 263 4573 si
277 4515 483 4589 penitentem,
503 4511 581 4568 sicut
597 4507 752 4565 videbatur
767 4512 796 4563 et
812 4521 860 4562 ex·

33 4614 198 4684 ponentem
212 4624 243 4663 se
259 4603 406 4662 mandatis
421 4601 531 4658 uostris
546 4616 634 4672 super
650 4596 790 4654 omnibus
805 4611 860 4668 pro

32 4701 143 4772 quibus
157 4698 254 4753 iuerat
269 4691 575 4752 excommunicatione
586 4685 860 4757 notatus,1acipere

32 4803 223 4863 negaremus
237 4801 298 4840 noii
313 4781 419 4838 Christi
435 4780 535 4836 vicarii
552 4777 719 4834 videremur
733 4774 778 4830 vel
794 4788 859 4829 suc-

32 4893 170 4936 cessores
184 4873 387 4948 apostolorum
402 4869 560 4940 Principis,
583 4865 635 4923 sad
661 4861 859 4920 inexorabiles

32 4969 134 5041 potius
149 4969 319 5022 nostrarum
334 4960 512 5034 injuriarum
527 4957 650 5012 ultores.
665 4953 747 5010 Licet
761 4955 859 5006 autem

31 5049 443 5125 modumreceptiouisipsius
453 5063 506 5120 per
516 5046 589 5102 alias
600 5039 859 5100 vobisduiierimus

30 5151 150 5206 litteras
163 5141 383 5216 exponendum,
398 5143 546 5194 notamen
558 5135 637 5190 idem
650 5125 860 5187 llarcowaldus

30 5240 134 5310 aliqua
145 5223 590 5292 noscalliditateseducat,idem
598 5215 859 5278 adhucaudientiae

27 5333 135 5386 vestrae
151 5321 290 5379 duximus
301 5315 524 5373 inculcandum.
535 5308 700 5369 iuramenti
715 5313 801 5362 tenor
810 5303 860 5358 hic

26 5418 95 5475 luit.
112 5411 223 5472 iuravit
232 5405 454 5466 llarcolvvaldus
465 5403 595 5477 publice,
608 5406 664 5456 etc.
674 5400 734 5466 sere
744 5397 773 5451 in
784 5409 860 5450 enin·

27 5511 93 5565 dem
118 5504 229 5560 modum
259 5505 290 5555 nt
316 5513 402 5568 supro
430 5495 460 5550 tn
489 5491 603 5565 epistola
637 5487 755 5545 clxvii
778 5485 861 5555 liujus

29 5599 105 5665 libri,
120 5607 207 5664 usqne
220 5589 257 5646 od
271 5588 382 5644 uerbum
397 5584 497 5642 debito
509 5579 684 5656 juramenti.
697 5579 730 5633 lii
744 5580 860 5632 tantum

32 5691 132 5746 entem
148 5683 180 5738 iii
192 5677 298 5753 primis
308 5675 388 5732 idem
398 5666 791 5730 llarcowaldusmandatum
806 5677 862 5719 no·

32 5783 128 5835 strum
142 5768 299 5828 humiliter
314 5771 344 5823 et
356 5763 461 5821 devote
474 5760 596 5834 recepit,
612 5764 646 5818 ut
666 5773 756 5832 super
775 5753 860 5828 juia·

70 5863 127 5940 (84)
143 5858 218 5916 Vide
236 5855 325 5926 inira,
340 5853 428 5927 epist.
443 5854 506 5920 221,
520 5852 583 5906 226.

912 3090 1080 3142 curatorem
1104 3085 1187 3158 regni
1207 3083 1314 3140 Sicilie
1339 3100 1399 3140 uon
1420 3083 1539 3140 erubuit
1562 3084 1739 3152 nominare;

913 3175 1047 3234 scribens
1058 3175 1148 3232 etiam
1157 3172 1299 3231 fratribus
1309 3173 1420 3228 nostris
1431 3173 1511 3244 quod
1521 3172 1736 3244 mandataque!

874 3262 899 3330 G
915 3265 970 3321 sibi
984 3265 1109 3322 lecimus
1123 3280 1178 3320 nec
1194 3279 1247 3336 pro
1262 3262 1321 3319 Deo
1336 3278 1391 3318 nec
1405 3260 1590 3334 prohomine
1600 3260 1741 3318 observa·

915 3361 970 3410 ret.
987 3357 1043 3411 Nos
1060 3355 1149 3428 igitur
1162 3352 1297 3408 fraudem
1308 3350 1373 3423 ejus
1385 3356 1414 3407 et
1427 3349 1572 3406 versutias
1582 3349 1742 3406 attenden-

915 3451 970 3515 tes,
985 3444 1035 3516 qui
1052 3441 1163 3515 putarit
1178 3459 1232 3497 iios
1244 3439 1360 3507 tallere,
1383 3439 1435 3496 sed
1449 3440 1548 3512 potius
1563 3456 1596 3496 se
1612 3439 1741 3511 decepit,

914 3539 1036 3605 propter
1049 3532 1151 3587 omnia
1166 3547 1231 3602 quei
1246 3530 1365 3585 luerent
1379 3529 1410 3585 iii
1425 3528 1521 3584 torma
1536 3527 1740 3584 excommuni-

915 3631 1040 3688 cationis
1054 3629 1162 3701 prioris
1178 3643 1318 3700 expressa
1332 3632 1361 3682 et
1376 3625 1446 3698 quia
1467 3626 1620 3683 multoties
1635 3633 1740 3683 contra

914 3735 970 3776 nos
980 3723 1008 3775 et
1018 3719 1182 3774 Romanam
1193 3716 1354 3772 Ecclesiam
1369 3714 1493 3787 perjurii
1503 3720 1619 3771 reatum
1633 3715 1738 3772 incur-

915 3809 955 3864 rit
969 3813 998 3864 et
1011 3806 1152 3862 mandata
1167 3821 1283 3862 servare
1307 3804 1487 3876 contempsit
1508 3804 1587 3861 facta
1602 3803 1658 3860 sibi
1685 3803 1741 3861 sub

915 3906 1015 3964 debito
1030 3905 1155 3980 prestiti
1167 3904 1343 3978 juramenti,
1370 3904 1468 3976 ipsum
1482 3907 1624 3976 tanquam
1640 3903 1743 3976 perju-

914 4013 991 4064 rum,
1009 3995 1196 4068 sacrilegum,
1219 3991 1450 4061 incendiarium,
1466 3991 1626 4063 pertidum,
1648 3992 1741 4048 scele-

914 4093 1011 4144 ratum
1037 4089 1066 4142 et
1085 4085 1264 4152 invasorem,
1290 4099 1326 4138 ex
1348 4085 1432 4154 parte
1456 4081 1507 4136 Dei
1523 4081 1738 4152 omnipotentis

914 4175 1009 4234 Patris
1020 4173 1124 4232 etFilii
1136 4179 1166 4230 et
1176 4173 1301 4246 Spiritus
1311 4170 1416 4240 sancti,
1433 4170 1608 4227 auctoritate
1624 4185 1742 4242 quoque

913 4267 1070 4324 beatorum
1084 4263 1286 4337 apostolorum
1310 4261 1390 4317 Petri
1414 4266 1444 4316 et
1466 4258 1550 4315 Pauli
1574 4264 1604 4314 et
1626 4264 1739 4331 nostra,

915 4365 1218 4428 excommunicamus,
1230 4359 1525 4426 anathematizamus,
1535 4355 1744 4413 maledicimus

915 4464 945 4514 et
965 4457 1163 4519 damnamus;
1188 4449 1364 4506 mandantes
1387 4452 1421 4502 ut
1444 4446 1614 4518 quicunque
1635 4445 1692 4501 sibi
1705 4445 1742 4502 de

915 4552 1021 4603 cisterc
1030 4542 1174 4599 auxilium
1184 4537 1355 4612 praestiterit
1363 4536 1408 4591 vel
1416 4535 1558 4604 levorem,
1569 4533 1740 4607 quicunque

876 4635 903 4700 D
919 4637 1008 4692 etiam
1023 4633 1080 4706 ipsi
1103 4631 1149 4687 vel
1164 4626 1305 4685 exercitui
1323 4626 1387 4698 ejus
1399 4624 1547 4697 victualia,
1562 4631 1668 4696 vestes,
1686 4643 1741 4682 na-

914 4751 973 4802 ves,
989 4747 1073 4790 arma
1085 4729 1131 4784 vel
1146 4727 1205 4784 alia
1220 4742 1285 4798 que
1300 4724 1337 4782 ad
1353 4723 1544 4781 commodum
1553 4741 1656 4782 eorum
1671 4743 1739 4799 per·

916 4826 1042 4889 tineent,
1066 4820 1130 4877 ausi
1159 4817 1271 4874 tuerint
1292 4813 1474 4885 ministrare,
1501 4813 1605 4871 eadem
1620 4832 1688 4872 cum
1704 4833 1739 4873 eo

915 4917 1058 4972 maneant
1068 4908 1215 4967 sententia
1225 4905 1369 4961 innodati.
1384 4905 1412 4961 Si
1423 4906 1490 4978 quis
1500 4910 1602 4962 autem
1613 4905 1740 4962 clericus

917 5005 1120 5078 cujuscunque
1132 4995 1284 5070 diguitatis
1294 4993 1340 5052 vel
1350 4993 1474 5060 ordinis,
1491 4994 1589 5050 divina
1604 4994 1648 5049 eis
1661 5010 1739 5066 prse-

916 5092 1077 5168 sumpserit
1087 5089 1185 5146 cilicia
1195 5084 1356 5153 celebrare,
1373 5101 1404 5140 se
1420 5084 1465 5140 sui
1481 5083 1594 5140 ordinis
1609 5087 1638 5139 et
1648 5083 1740 5138 hono·

916 5195 958 5250 ris
973 5189 1088 5249 noverit
1101 5185 1267 5260 periculum
1278 5183 1450 5240 incurrisse.
1466 5182 1639 5239 Mandemus
1650 5179 1740 5236 etiam

918 5280 972 5336 sub
987 5277 1086 5336 debito
1099 5273 1222 5351 praestiti
1235 5272 1398 5346 juramenti
1408 5268 1547 5325 omnibus
1562 5266 1598 5323 de
1609 5265 1739 5323 exercitu

917 5367 1046 5443 ejusqui
1057 5365 1094 5422 ad
1104 5363 1278 5421 mandatum
1289 5359 1427 5418 Ecclesiae
1438 5357 1600 5426 redierunt,
1610 5359 1740 5426 utquam

916 5459 1004 5515 citius
1013 5455 1153 5530 poterint,
1165 5452 1202 5510 ab
1213 5451 1277 5523 ipso
1293 5448 1498 5506 recedantnec
1508 5444 1545 5503 ad
1556 5460 1635 5514 eum,
1646 5461 1741 5517 quon-

916 5556 967 5613 diu
990 5555 1022 5612 in
1044 5569 1098 5610 sua
1120 5547 1283 5623 pertinacia
1306 5543 1519 5618 perduraverit,
1542 5547 1737 5602 revertantur*

916 5661 972 5702 nec
987 5641 1148 5700 consilium
1166 5637 1193 5695 ei
1207 5633 1407 5710 praebeantur
1422 5631 1522 5703 aliquo
1537 5631 1583 5690 vel
1598 5633 1739 5692 favorem.

915 5743 979 5801 Erit
993 5741 1093 5812 etiam,
1110 5737 1197 5794 dante
1213 5732 1349 5803 Domino,
1366 5747 1472 5789 manus
1490 5737 1593 5792 nostra
1616 5733 1741 5793 validior
