3956 6056
7 419 8 454 q
66 379 120 436 tae
591 375 959 436 poenitemus—luno
977 379 1001 448 1,
1021 377 1160 435 CHRISTI
1180 377 1258 434 1198.
1726 383 1780 438 430

67 521 163 563 unum
178 509 209 560 et
223 503 349 577 Spiritus
365 506 460 562 sancti
472 505 566 579 gratia
581 505 726 574 invocata,
738 505 828 562 talem
843 519 895 559 vo·
908 509 938 574 Α
953 511 1127 579 perpetuam
1145 507 1361 564 continentiam
1379 507 1575 580 repromittat,
1590 507 1747 566 certificari
1762 526 1780 566 a

66 595 115 652 bis
130 610 292 668 personam
302 595 333 650 in
347 595 520 668 episcopum
531 599 560 650 et
568 599 719 668 pastorem
730 595 898 650 animarum
954 594 1025 652 sede
1037 596 1199 667 apostolica
1222 597 1389 668 postulasti.
1407 599 1463 652 Nos
1479 613 1547 670 ergo
1564 599 1778 670 quaestionibus

67 691 235 741 vestrarum
250 684 393 740 canonice
415 683 567 756 praeficere
583 684 738 752 studeatis,
752 683 803 755 qui
819 683 898 739 clero
954 684 1013 739 tuis
1028 684 1127 741 taliter
1137 702 1173 740 ex
1187 685 1525 758 ordinerespondemus,
1535 688 1778 759 quodlicettem-

7 795 8 808 ¹
68 779 98 831 et
113 772 225 846 populo
241 772 297 828 sibi
314 773 473 830 commisso
484 777 651 845 etpraeesse
665 773 780 828 noverit
791 777 900 844 etpro-
954 789 1010 844 pus
1024 773 1208 845 probationis
1234 790 1251 830 a
1275 775 1386 830 sanclis
1410 775 1547 832 Patribus
1564 776 1602 832 sit
1616 777 1777 846 indultum,

7 929 8 938 χ
68 863 168 920 desse.
936 903 937 908 η
954 877 1015 918 nou
1027 862 1122 918 solum
1133 863 1163 918 in
1176 863 1305 919 favorem
1316 865 1515 932 conversasse
1527 866 1615 921 etiam
1626 873 1777 923 monaste-

105 953 224 1021 Datum,
240 957 271 1008 ul
285 967 380 1024 supra.
867 951 872 963 '
954 949 1039 1018 rii,ut
1053 955 1082 1008 et
1096 950 1148 1006 ille
1163 951 1337 1024 asperitates
1352 951 1439 1007 istius
1455 957 1484 1008 et
1494 953 1573 1008 istud
1586 969 1684 1009 mores
1695 954 1776 1016 illius

408 1041 564 1098 ccccliv.
954 1040 1050 1095 valeat
1069 1040 1196 1112 experiri
1212 1040 1302 1112 (quod
1319 1041 1459 1112 utrinque
1473 1043 1547 1113 (207)
1560 1041 1719 1115 diligenter
1733 1049 1779 1098 est

292 1144 482 1187 rssanacorttrt.
506 1145 675 1187 ancitttll’lsc.
955 1129 1425 1201 observandumpraesertimcum
1435 1131 1607 1202 abutroque
1618 1131 1654 1186 de
1662 1132 1778 1202 reliquo

68 1219 103 1274 Ut
120 1223 199 1274 caret
218 1235 272 1290 per
290 1221 432 1275 canonicos
457 1221 623 1290 Urqellenses
648 1219 762 1289 dquam
780 1217 900 1287 aliquem
955 1224 1036 1276 certa
1047 1219 1153 1275 notitia
1168 1235 1228 1274 non
1247 1219 1383 1292 habetur)
1395 1237 1402 1287 ;
1415 1219 1484 1291 quia
1501 1225 1601 1276 tamen
1619 1225 1689 1276 ante
1706 1225 1777 1276 tem·

287 1311 378 1364 viram
392 1310 459 1380 ellql
472 1311 502 1364 ia
517 1310 682 1380 episcopam.
954 1325 1010 1382 pus
1020 1308 1203 1382 probationis
1214 1309 1389 1382 regulariter
1399 1309 1623 1381 praessnitum,is
1639 1311 1689 1381 qui
1705 1327 1777 1366 con-

954 1399 1026 1454 verti
1050 1399 1199 1454 desiderat
1222 1398 1357 1454 habitum
1379 1398 1485 1470 recipit
1510 1403 1540 1453 et
1559 1399 1776 1472 professionem

105 1487 188 1542 Sicut
201 1503 236 1542 ex
251 1492 353 1542 tenore
377 1492 496 1542 tuarum
521 1486 686 1542 litterarum
711 1489 741 1540 et
756 1485 898 1558 suffraga-
954 1489 1073 1556 emittit,
1085 1488 1190 1544 abbate
1204 1505 1257 1561 por
1277 1505 1308 1544 se
1323 1488 1368 1544 vel
1383 1487 1541 1560 paralium
1560 1488 1774 1560 professionem

66 1591 196 1632 aeorum
212 1580 332 1632 tuorum
346 1575 433 1632 nobis
456 1575 597 1645 innotuit,
620 1575 699 1630 inter
718 1573 822 1642 multa,
840 1579 896 1632 eta.
953 1578 1116 1650 recipiente
1142 1579 1338 1634 monasticam
1363 1583 1391 1634 et
1413 1576 1619 1634 monachalem
1639 1577 1774 1634 habitum

65 1667 128 1734 sere
142 1665 308 1720 laeamdem
327 1664 437 1720 modum
460 1670 598 1735 utsupra
621 1679 707 1734 taque
729 1663 766 1718 acl
787 1663 898 1719 tabum
953 1667 1272 1738 concedente‚uterque
1285 1667 1456 1723 renuntiare
1468 1667 1619 1722 videturei
1631 1667 1709 1738 quod
1721 1684 1773 1739 pro
1833 1730 1843 1748 ⁹

67 1755 223 1828 prodesse.
237 1755 375 1810 volentes
385 1754 474 1828 igitur
488 1759 521 1810 ut
534 1754 591 1827 ipsi
607 1753 896 1828 Urgellechclesiae
954 1775 985 1815 se
994 1758 1128 1814 noscitur
1137 1753 1480 1826 introductum,ide0que
1491 1755 1639 1828 obligatur
1651 1755 1772 1827 quidem

332 1399 465 1468 (Datum,
482 1398 632 1468 utsupra.)

65 1841 288 1915 metropolitico
302 1843 355 1900 tibi
366 1843 435 1916 jure
446 1844 587 1916 subjectas
595 1861 648 1916 per
660 1842 893 1900 sollicitudiuem
908 1875 935 1942 D
951 1864 1005 1920 per
1019 1846 1234 1920 professionem
1255 1845 1395 1901 emissam
1410 1845 1721 1916 pariteretacceptam
1737 1845 1773 1901 ad

65 1938 97 1989 et
111 1932 294 2006 vigilantiam
304 1936 386 1988 tuam
394 1931 543 1990 salubrius
555 1933 738 2000 consulatur,
754 1931 894 1988 fraterni·
950 1935 1167 1994 observantiam
1181 1934 1346 2007 regularem
1358 1937 1387 1988 et
1396 1949 1462 1988 vere
1475 1933 1639 1989 monachus
1650 1939 1695 1988 est
1704 1951 1773 1990 cen-

65 2021 121 2078 mi
135 2025 193 2076 1¹¹&
201 2037 256 2093 Pis
264 2021 427 2092 ail⁰²³t0fi⁰a
436 2022 547 2095 801νίΡιέι
557 2021 896 2094 massdflmllbqufliesslls
948 2025 1058 2084 sendus
1074 2025 1164 2098 :quia
1179 2024 1274 2080 multa
1289 2023 1352 2079 fleri
1369 2022 1565 2095 prohibentur
1580 2023 1685 2094 quiesi
1697 2023 1774 2079 facta

63 2110 231 2184 capitulum
240 2111 304 2183 ejus
312 2111 350 2167 ad
358 2111 537 2168 concordem
545 2111 723 2168 electionem
733 2111 896 2168 etcanoni·
947 2115 1069 2180 luerint,
1085 2113 1221 2170 obtinent
1236 2115 1417 2169 firmitatem.
1433 2111 1655 2168 Prohibendam
1670 2117 1715 2166 est
1729 2117 1773 2167 ta-

63 2217 133 2258 cam
148 2199 316 2257 faciendam
340 2205 443 2257 nostra
463 2206 573 2274 tuaque
592 2201 767 2258 auctoritate
783 2199 898 2255 studio·
949 2221 1019 2262 men
1029 2204 1186 2260 abbatibus
1196 2219 1234 2258 ne
1244 2201 1355 2274 passim
1371 2207 1440 2256 ante
1456 2208 1573 2273 tempus
1588 2199 1773 2272 probationis

63 2291 130 2348 sius
146 2305 269 2348 moneas
284 2295 313 2347 et
327 2291 452 2348 inducas
466 2307 533 2359 ;ue,
545 2289 624 2362 quod
639 2289 730 2345 absitl
744 2289 768 2344 si
784 2289 897 2362 eligen-
950 2293 1099 2366 quoslibet
1112 2294 1150 2348 ad
1174 2292 1391 2365 professionem
1407 2292 1569 2363 recipiam:
1585 2291 1652 2346 etsi
1669 2296 1773 2347 contra

65 2377 145 2434 tium
160 2395 192 2435 se
206 2384 272 2437 vota
286 2379 440 2436 diviserint
455 2379 486 2435 iu
503 2377 768 2447 diversancctesia
779 2377 897 2433 afflicta
948 2383 1075 2438 formam
1090 2381 1294 2452 praescriptam
1310 2379 1460 2451 quoslibet
1474 2380 1633 2435 indiscrete
1652 2395 1773 2452 recepe-

67 2467 185 2524 dudum
198 2470 295 2542 major
310 2469 437 2525 addatur
459 2467 581 2524 afflictio
605 2472 634 2523 et
657 2467 701 2522 sic
719 2466 897 2522 contritione
950 2471 1020 2538 rint,
1039 2468 1295 2524 animadversione
1311 2473 1381 2523 sunt
1395 2467 1495 2522 debita
1510 2467 1687 2540 corrigendi,
1704 2479 1771 2523 cum

68 2555 231 2628 multiplici
247 2561 427 2613 conteratur.
950 2557 980 2612 in
988 2555 1153 2612 subsidium
1161 2554 1328 2626 fragilitatis
1336 2554 1474 2609 bumana
1483 2555 1612 2626 spatium
1623 2552 1772 2626 probatio·

104 2647 224 2714 Datum,
240 2651 271 2700 ul
284 2661 379 2716 supro.
951 2646 998 2702 nis
1022 2643 1061 2699 sit
1082 2643 1258 2718 regulariter
1280 2643 1459 2698 institutum.
1475 2643 1548 2698 Cum
1572 2648 1670 2698 autem
1686 2643 1774 2697 viret

950 2749 1025 2790 uxor
1039 2749 1099 2789 una
1111 2748 1179 2788 caro
1195 2732 1255 2787 sint
1266 2747 1320 2804 per
1331 2731 1469 2804 copulam
1478 2731 1664 2804 conjugalem
1676 2731 1773 2788 eflecti

951 2839 1006 2878 neo
1020 2837 1160 2894 unapars
1173 2820 1302 2876 converti
1315 2819 1409 2892 possit
1420 2819 1457 2876 ad
1468 2819 1626 2876 Dominum
1642 2820 1774 2876 etaltera

951 2911 983 2968 in
999 2911 1108 2967 saeculo
1123 2926 1278 2966 remanere
1289 2926 1295 2964 :
1307 2908 1439 2982 profecto
1449 2925 1510 2964 non
1525 2915 1571 2965 est
1584 2909 1660 2966 alter
1669 2910 1775 2983 conju-

950 3017 1019 3075 gum
1035 2999 1224 3072 recipiendus
1239 2999 1276 3056 ad
1292 2999 1510 3055 observantiam
1525 2999 1701 3072 regularem,
1716 3001 1772 3056 nisi

950 3091 1085 3162 reliquus
1099 3093 1274 3161 perpetuam
1285 3087 1499 3144 continentiam
1513 3089 1774 3160 repromittat3ne-

413 2732 554 2789 CCGGLV.

319 2839 416 2878 rrsrno
435 2837 657 2879 nacnrarrscoro.

61 2920 107 2972 De
122 2928 196 2970 cano
206 2913 379 2984 motationis
399 2911 593 2968 monachorum
608 2918 633 2966 et
649 2917 783 2982 quolenus
798 2913 828 2966 in
845 2925 899 2968 cce-

274 3002 358 3057 nobio
372 3004 499 3073 conjuges
513 3002 695 3072 recipiantur.

237 3089 397 3162 (Laterani,
414 3106 441 3145 rx
457 3089 520 3145 Kal.
537 3089 731 3158 Decembris)

101 3179 178 3250 labb)
193 3178 237 3236 dd
252 3179 447 3250 apostolicam
461 3179 643 3251 sedemque
651 3180 830 3252 disponente
841 3178 900 3234 uo-
952 3179 1109 3252 quesitam
1125 3193 1243 3249 quoque
1259 3175 1348 3232 debet
1360 3177 1552 3245 mutare,nisi
1566 3177 1641 3233 forte
1657 3178 1722 3250 ejus
1737 3179 1776 3234 sit

63 3271 149 3326 mino
160 3273 336 3325 cunctorum
346 3269 480 3326 fidelium
488 3274 585 3326 mater
597 3275 641 3325 est
651 3275 681 3326 et
691 3269 894 3342 magistrasu-
949 3268 1045 3325 aetatis
1060 3272 1093 3323 ut
1107 3267 1171 3323 siue
1187 3265 1356 3338 suspicione
1371 3265 1596 3322 incontinentiae
1612 3265 1708 3322 valeat
1721 3283 1772 3322 re·

64 3375 122 3431 per
134 3357 258 3414 diversis
266 3357 398 3415 articulis
409 3358 590 3432 quaesfiones
601 3358 697 3415 dubiae
706 3358 876 3414 referuntur
887 3375 895 3425 ;
948 3375 1079 3416 manere.

65 3453 101 3506 ut
115 3447 197 3518 quod
210 3446 247 3503 ab
263 3463 298 3503 ea
309 3446 398 3505 fuerit
408 3463 606 3520 superearum
618 3448 765 3504 solutione
776 3463 898 3518 respon·

67 3553 138 3594 sum
147 3535 350 3592 indubitanter
360 3537 396 3593 nb
407 3537 547 3593 omnibus
557 3539 748 3592 teneatur.Ex
757 3543 840 3609 parte
852 3537 896 3593 si-

70 3625 194 3700 quidem
216 3631 267 3682 tua
289 3626 364 3682 tales
377 3642 473 3699 nuper
494 3627 679 3699 suscepimus
706 3625 896 3698 questiones,

68 3715 151 3787 quod
162 3731 229 3772 cum
241 3716 420 3773 monachum
430 3715 568 3772 fleriaute
576 3715 899 3788 uniusauniprobatio-

68 3821 141 3860 nem
152 3805 296 3878 regularis
307 3805 455 3860 institutio
471 3805 779 3874 interdicat,mouacbi
790 3809 820 3860 et
833 3821 899 3860 mo-

959 3447 967 3463 '
984 3451 1089 3505 Datum
1105 3447 1252 3515 Laterani,
1268 3465 1297 3502 rx
1307 3446 1369 3504 Kal.
1391 3445 1569 3502 Decembris.

1282 3589 1436 3644 CCCCLVI.

1167 3693 1309 3734 srrorrrruo
1329 3691 1550 3733 nncnrarrscoro.

1034 3789 1072 3842 lle
1082 3801 1165 3858 prena
1182 3801 1274 3841 eoram
1290 3787 1339 3855 qai
1351 3785 1430 3854 salsis
1447 3784 1544 3839 litteris
1558 3789 1684 3839 aluntur.

68 3893 168 3950 nieles
183 3894 214 3949 in
228 3900 278 3950 tua
290 3893 409 3951 dioecesi
425 3895 578 3951 constituti
594 3899 653 3950 tam
669 3893 792 3950 clericos
807 3910 898 3966 quam
985 3894 1061 3967 (208)
1071 3890 1267 3948 Accedeusad
1281 3890 1470 3963 praesentiam
1479 3895 1612 3946 nostram
1619 3890 1780 3963 Ppresby-

67 3982 163 4038 laicos
173 3983 329 4055 utriusque
340 4000 530 4052 sexus,sanos
543 3984 654 4056 pariter
664 3989 694 4039 et
704 3983 900 4052 infirmosre·
950 3989 995 4042 ter
1005 3983 1083 4040 lator
1093 3981 1285 4055 praesentium
1297 3996 1352 4036 sua
1362 3979 1450 4036 nobis
1460 3979 1664 4036 insinuatione
1675 3995 1780 4036 mons-

68 4071 191 4146 ligionis
200 4071 335 4129 habitum
345 4072 479 4129 volentes
489 4077 735 4141 assumere,nutu
746 4073 833 4130 etiam
845 4074 899 4130 ali·
951 4073 1039 4130 travit
1048 4070 1129 4145 quod
1142 4087 1210 4128 cum
1222 4071 1293 4126 olim
1306 4070 1416 4126 missus
1431 4069 1467 4125 ab
1478 4068 1736 4142 archipresbytero
1753 4075 1782 4126 et

68 4178 129 4234 quo
144 4161 320 4234 profitentes
331 4161 481 4218 interdum
498 4162 610 4234 absque
622 4162 704 4218 omui
714 4161 900 4234 professione
952 4163 1069 4219 clericis
1081 4159 1117 4216 de
1128 4159 1225 4216 Cassii
1236 4175 1310 4214 novo
1321 4158 1562 4231 proquibusdam
1574 4159 1683 4227 causis,
1693 4175 1783 4230 super

67 4249 413 4322 recipiunt‚quandoque
422 4251 638 4323 professionem
649 4252 729 4308 illico
744 4251 899 4310 facientes.
951 4251 1060 4324 quibus
1075 4267 1093 4306 a
1107 4255 1136 4306 te
1151 4266 1182 4305 se
1195 4249 1367 4304 fatebantur
1382 4245 1515 4303 indebite
1539 4247 1727 4318 praegravari,
1744 4247 1780 4302 aul

69 4339 155 4396 Unde
171 4339 266 4396 multa
280 4339 359 4396 mala
370 4345 535 4396 noscuntur
546 4341 653 4413 saepius
664 4341 901 4412 provenire,cum
952 4345 1084 4397 nostram
1099 4337 1289 4412 praesentiam
1304 4336 1482 4394 accessisset
1496 4351 1551 4390 uec
1563 4341 1730 4407 posset,pro
1746 4352 1781 4392 eo

69 4429 181 4486 infirmi
197 4427 235 4484 ad
254 4429 469 4485 monasterium
489 4429 553 4500 jam
577 4429 713 4486 translati
739 4433 769 4485 et
792 4430 902 4486 emissa
955 4429 1033 4502 quod
1045 4433 1115 4484 tunc
1126 4427 1268 4499 temporis
1276 4442 1332 4481 nos
1343 4424 1647 4481 eramusinfrrmitate
1657 4424 1779 4495 gravati,

68 4518 265 4592 professione,
277 4523 436 4591 postquam
453 4518 489 4574 de
505 4518 729 4574 infirmitatibus
743 4519 903 4574 convalue·
956 4535 1024 4574 suas
1039 4517 1153 4574 litteras
1169 4516 1315 4582 obtinere,
1330 4529 1445 4570 moram
1466 4512 1545 4584 apud
1565 4511 1667 4568 sedem
1682 4517 1777 4584 apost.

67 4607 277 4677 riut,babitum
291 4607 443 4680 religionis
458 4607 601 4680 abjiciant
615 4613 644 4663 et
658 4607 696 4663 ad
714 4607 835 4680 propria
849 4624 897 4663 re·
915 4611 941 4677 D
956 4605 1103 4674 faciendo,
1126 4609 1193 4677 post
1212 4620 1321 4676 paucos
1345 4602 1409 4658 dies
1432 4601 1556 4674 contigit
1575 4601 1672 4672 ipsum
1689 4602 1778 4658 etiam

68 4701 231 4754 vertantur.
256 4697 407 4770 Contingit
427 4697 517 4752 etiam
539 4697 613 4754 tales
638 4697 669 4752 iu
698 4697 826 4769 propriis
845 4696 900 4752 do·
954 4694 1112 4753 infirmari.
1129 4694 1204 4749 uum
1227 4687 1328 4748 autem
1354 4695 1433 4746 esset
1456 4690 1487 4745 in
1502 4688 1577 4746 lecto
1594 4689 1778 4764 agritudinis

67 4785 167 4842 nribus
183 4801 350 4856 remanere,
366 4801 433 4842 cum
457 4785 595 4842 monachi
614 4802 668 4858 per
692 4801 752 4852 eos,
770 4785 841 4842 dum
857 4785 902 4842 vi·
955 4783 1144 4850 constitutus,
1168 4781 1294 4838 accessit
1316 4777 1353 4836 ad
1377 4794 1445 4834 eum
1463 4778 1584 4850 quidam
1600 4778 1727 4836 clericus
1742 4779 1778 4835 dc

67 4879 150 4952 rapt,
165 4875 265 4931 nolint
279 4890 332 4931 sua
342 4873 523 4930 monasteria
533 4873 792 4947 praegravarisaui
808 4875 900 4930 etiam
956 4872 1051 4930 Casali
1067 4888 1153 4942 novo,
1169 4872 1225 4926 Aac
1241 4867 1431 4939 nomine,qui
1444 4873 1512 4924 tunc
1528 4868 1670 4941 temporis
1683 4885 1778 4924 mora·

69 4965 110 5020 sic
124 4964 238 5036 absque
263 4961 438 5036 probatione
464 4962 587 5034 recepti,
611 4967 689 5018 retro
710 4963 900 5035 aspicientes,
956 4963 1043 5022 batur
1059 4962 1090 5017 iu
1104 4961 1178 5017 urbe
1191 4965 1220 5017 et
1232 4959 1286 5016 sub
1302 4975 1354 5032 spe
1369 4957 1536 5015 dilectionis
1551 4964 1580 5014 at
1594 4959 1694 5031 gratim
1711 4975 1780 5029 pro-

69 5053 260 5110 matrimonia
284 5053 475 5122 contrahunt,
498 5051 609 5124 rejecto
634 5052 738 5109 habitu
759 5053 898 5126 regulari.
956 5052 1038 5110 misit
1053 5051 1079 5108 ei
1095 5067 1126 5108 se
1143 5066 1246 5121 quasa
1261 5047 1348 5106 uobis
1362 5046 1533 5120 postulabat
1547 5047 1662 5102 litteras
1676 5045 1778 5101 obten-

69 5144 108 5200 Ile
132 5143 252 5216 quibus,
280 5143 304 5198 si
328 5141 464 5198 habitum
486 5139 639 5216 religionis
659 5147 814 5198 assumant
829 5145 900 5199 aute
956 5147 1055 5198 turum
1067 5158 1074 5209 ;
1088 5141 1138 5212 qui
1153 5137 1280 5196 credidit
1293 5137 1381 5194 verbo
1397 5137 1462 5209 ejus
1478 5142 1508 5191 et
1521 5151 1665 5208 expensas
1676 5133 1780 5189 tribuit

7 5239 8 5250 ¹
70 5234 157 5290 unius
172 5232 243 5290 anni
257 5232 463 5306 probationem
475 5231 520 5286 vel
530 5231 674 5303 temporis
689 5233 899 5304 competentis,
955 5247 1029 5304 quas
1041 5247 1094 5302 pro
1109 5228 1216 5286 litteris
1225 5227 1296 5300 ipsis
1313 5243 1344 5282 se
1355 5241 1555 5298 expensurum
1568 5223 1709 5297 praefatus
1719 5223 1777 5279 cle·

70 5327 168 5380 utrum
182 5322 261 5378 facta
276 5320 460 5394 professione
478 5337 496 5376 a
510 5319 619 5376 talibus
640 5321 685 5376 vel
697 5321 819 5390 omissa,
834 5338 900 5378 mo·
954 5321 1032 5376 ricus
1048 5319 1242 5392 proponebat.
1256 5315 1386 5372 Tandem
1402 5315 1439 5370 ad
1455 5329 1521 5370 eum
1534 5313 1679 5384 quasdam
1695 5329 1779 5368 com-

71 5412 155 5468 nacbi
172 5410 301 5468 debeant
325 5412 466 5484 reputari.
483 5411 551 5466 etsi
576 5411 752 5485 conjugatus
768 5413 899 5468 converti
953 5408 1105 5465 missionis
1121 5408 1236 5463 litteras
1249 5403 1287 5462 ad
1296 5401 1499 5460 venerabilem
1508 5402 1631 5458 fratrem
1642 5407 1777 5458 nostrum

70 5499 241 5557 desiderans
256 5501 295 5557 sit
308 5499 498 5573 recipiendus
513 5498 544 5554 in
559 5500 811 5569 monachum‚nisi
824 5516 899 5556 uxor
952 5500 1132 5556 Tranensem
1147 5494 1403 5567 archiepiscopum
1414 5497 1443 5547 et
1457 5489 1599 5547 dilectum
1614 5491 1710 5548 filium
1724 5491 1780 5548 ab·
1869 5511 1872 5520 ’

103 5643 178 5716 (206)
200 5644 267 5715 Cap.
299 5643 344 5700 la
371 5644 557 5714 apostolicam,
589 5645 628 5699 De
657 5643 841 5716 regularibus
870 5648 899 5701 et
988 5637 1513 5717 (207)Intertiudollectatramque.

73 5719 162 5773 trans.
178 5713 216 5770 ad
230 5714 416 5787 religionem.
987 5714 1059 5786 (208)
1076 5712 1144 5783 Cap.
1162 5711 1308 5778 decedens,
1322 5710 1362 5763 De
1375 5723 1498 5762 crimine
1514 5705 1591 5763 falsi.
