3952 6062
162 296 218 354 tbi
634 285 838 344 Innocuam
855 285 895 344 111
913 285 969 343 PP.
989 284 1227 348 REGESTORUM
1245 291 1313 349 tm.
1333 291 1355 348 1.
1633 355 1635 360 ,
1827 290 1888 348 464

167 429 215 482 est
227 419 383 494 alligatus;
400 433 467 474 cnm
481 433 542 474 non
557 415 664 473 debeat
677 415 709 470 in
724 411 849 469 dubium
865 413 996 469 revocari
1010 418 1040 482 Α
1053 417 1082 470 te
1102 417 1273 489 pontificem
1287 417 1401 488 feeerit,
1417 433 1485 475 cum
1499 417 1614 475 adeam
1625 433 1687 474 non
1701 415 1795 473 fueris
1810 431 1888 473 con-

166 508 511 586 quiu,postetectionem
523 504 998 563 etconllrmationemcanonicam
1053 511 1196 576 sectatus,
1212 523 1267 564 nec
1287 507 1425 565 secunda
1450 507 1487 564 ad
1511 523 1613 579 quam,
1635 506 1743 580 prioris
1763 505 1888 562 vinculo

167 603 248 658 inter
261 613 407 672 personas
422 597 596 671 eligentium
608 599 640 653 et
661 594 749 652 electi
773 593 945 667 conjugium
961 582 1000 648 sit
1053 593 1245 666 perdurante,
1261 612 1322 652 non
1336 602 1454 668 poteras
1463 595 1607 653 canonice
1618 595 1798 663 consecrari,
1816 610 1889 650 cum

164 687 324 764 spirituale
335 691 532 744 contractum.
543 685 628 754 Quia,
639 685 711 740 ticet
722 685 890 740 inveniatur
900 683 931 738 in
946 699 999 738 oa·
1054 683 1150 740 adhuc
1166 701 1247 742 esses
1261 686 1346 742 alteri
1361 685 1559 760 conjugaliter
1569 684 1716 756 alligatus,
1732 683 1891 756 predictis

167 798 248 839 none
264 779 353 854 (aat'r
367 778 446 851 quod
462 779 487 834 si
512 778 624 834 electus
640 776 720 832 ultra
734 776 866 847 quinque
882 790 1000 844 menses
1055 779 1155 831 tamen
1169 776 1337 832 rationibus
1351 777 1388 832 ad
1404 775 1636 848 dispensationis
1655 775 1781 848 gratiam
1797 773 1892 830 incli-

169 885 318 946 persuam
329 855 828 925 electionemretinueritviduatam
838 863 1000 920 Ecclesiam
1054 866 1128 934 nati,
1145 867 1279 937 quamvis
1292 865 1458 922 secundom
1469 881 1621 922 sacrorum
1633 879 1782 921 canonum
1798 863 1890 919 insti-

169 979 226 1019 nec
242 960 283 1016 ibi
299 975 355 1014 nec
369 957 440 1014 alibi
464 955 697 1012 consecrationis
721 954 832 1010 donum
847 951 1001 1025 percipiat»
1056 958 1119 1012 tuta
1133 960 1259 1027 utroque
1274 971 1374 1013 carere
1391 953 1526 1023 deberes,
1543 953 1580 1010 de
1594 952 1782 1027 plenitudine
1801 957 1893 1025 pote-

170 1067 232 1108 uon
247 1054 349 1104 tamma
364 1045 541 1119 intelligitur
549 1043 806 1100 Ecclesiaviduata
816 1042 902 1114 quasi
912 1057 1003 1113 spon·
1057 1041 1140 1099 atatis
1164 1059 1182 1099 a
1204 1043 1313 1117 prioris
1333 1043 1450 1099 vinculo
1476 1047 1505 1098 te
1526 1042 1684 1111 solventes,
1709 1040 1893 1097 auctoritate

171 1155 238 1197 sum
251 1153 313 1194 non
328 1135 449 1203 habeat,
471 1133 523 1189 sed
539 1133 609 1205 quia
622 1148 691 1187 cum
706 1148 833 1204 sponsus
849 1131 913 1204 cjns
926 1146 1003 1186 non·
1056 1131 1110 1186 tibi
1123 1130 1469 1204 presentiumiduximus
1484 1129 1709 1188 concedendum
1724 1133 1759 1185 ut
1781 1127 1820 1185 de
1835 1127 1893 1184 bc-

171 1228 242 1285 dum
264 1227 303 1282 sit
327 1227 532 1290 consecratus,
558 1221 655 1278 adhuc
676 1219 773 1292 quoad
797 1219 934 1292 quasdam
949 1211 1003 1274 viri
1057 1219 1202 1293 nignitate
1218 1220 1297 1277 sedis
1335 1221 1505 1293 apostolicas
1529 1219 1613 1292 quasi
1634 1235 1710 1276 novo
1738 1233 1895 1275 consensu

171 1321 275 1376 manet
289 1313 395 1370 solatio
412 1310 563 1368 destituta.
580 1310 827 1376 Quamvisautem
842 1309 1003 1380 sidempa-
1056 1307 1740 1383 tripolitanamlEcclesiamdecaterotanquam
1747 1307 1894 1379 proprius

172 1404 311 1463 triarchas
323 1407 353 1459 et
364 1401 432 1458 aliis
443 1398 586 1456 fratribus
603 1405 634 1455 et
649 1398 833 1471 coepiscopis
847 1397 1005 1466 nostriset
1057 1396 1189 1470 pontifex
1200 1397 1236 1454 ad
1246 1397 1392 1454 honorem
1405 1397 1631 1466 Dei,utilitatem
1642 1396 1736 1468 ipsius
1746 1395 1893 1452 Ecclesiae

172 1494 365 1572 praemissum
381 1495 435 1559 est,
452 1493 597 1562 quantum
613 1503 680 1545 cum
695 1488 755 1544 Deo
769 1486 1005 1560 possumus,de-
1058 1491 1199 1559 tuamque
1214 1487 1341 1543 salutem
1356 1493 1386 1543 et
1398 1487 1470 1543 cleri
1489 1485 1651 1561 populique
1666 1485 1719 1542 tibi
1733 1484 1893 1542 commissi
1974 1529 1975 1548 ,

171 1584 254 1640 ferre
266 1581 403 1648 velimus,
418 1579 586 1652 presertim
605 1593 674 1634 cum
699 1576 831 1633 Ecclesia
856 1577 940 1632 Rom.
966 1571 1005 1630 stt
1058 1575 1178 1632 studeas
1193 1576 1369 1650 gubernare,
1395 1581 1543 1649 quatenus
1565 1575 1766 1649 preveniente
1788 1573 1894 1629 divina

173 1671 367 1730 Antiocheae
375 1669 442 1743 plus
451 1668 566 1724 caeteris
577 1667 662 1739 quasi
672 1666 802 1738 quadam
810 1664 1004 1738 germanitate
1058 1665 1152 1740 gratia
1176 1669 1206 1720 et
1225 1670 1368 1737 sequente
1391 1665 1459 1738 plus
1484 1664 1625 1738 prodesse
1649 1663 1722 1720 velis
1745 1669 1775 1720 et
1790 1662 1894 1719 valeas

175 1759 336 1831 coniuncta
347 1773 399 1825 ;ne
407 1761 508 1812 tamen
515 1755 584 1828 jure
594 1753 812 1832 patriarchatus
820 1753 858 1809 ad
865 1769 933 1809 eum
935 1767 1004 1838 cre·
1018 1785 1044 1852 Β
1059 1769 1150 1826 quam
1169 1769 1316 1826 praesse;
1343 1753 1510 1825 praesertim
1524 1752 1710 1826 temporibus
1724 1752 1802 1820 istis,
1818 1767 1891 1808 cum

176 1849 264 1906 datur
279 1846 485 1919 episcoporum
500 1844 622 1898 mutatio
633 1843 783 1915 pertinere
799 1846 828 1898 et
838 1841 1003 1913 hocipsum
1061 1843 1107 1898 rix
1122 1842 1161 1898 sit
1172 1841 1224 1913 qui
1238 1841 1328 1898 faciat
1342 1842 1454 1898 bonum
1469 1859 1564 1915 usque
1579 1842 1735 1910 adunam,
1751 1857 1828 1914 opus
1843 1845 1894 1897 est

175 1937 311 1993 trahatur
323 1933 361 1990 ad
371 1937 506 2005 posteros
517 1931 726 2002 inexemplum
737 1929 879 2003 perquod
892 1934 1008 2001 aposto·
1061 1948 1122 1988 non
1137 1931 1333 2000 mercenario,
1349 1931 1401 1987 sed
1416 1937 1544 2005 pastore.

176 2027 243 2082 liras
254 2023 333 2081 sedis
346 2022 510 2096 privilegio,
519 2021 605 2094 cujus
614 2021 684 2094 jura
693 2026 832 2076 tenemur
838 2037 900 2092 pras
915 2023 1007 2076 ceste·
1098 2023 1205 2077 Datum
1217 2020 1364 2090 Laterani,
1379 2036 1397 2076 u
1413 2021 1476 2076 Kal.
1489 2021 1633 2078 ianuarii.

181 2115 223 2171 ris
232 2127 417 2180 conservare,
427 2114 529 2182 posset
537 2109 701 2182 plurimum
715 2109 861 2182 derogari,
872 2125 925 2180 pro
936 2125 1010 2180 pras·
1442 2109 1513 2165 Dlll.

182 2203 282 2260 missis
295 2199 466 2258 excessibus
487 2215 555 2255 eum
570 2198 606 2254 ab
623 2197 786 2254 electorum
802 2196 1008 2254 confirmatio·
1285 2213 1464 2253 annaneane
1483 2213 1665 2254 innocentio.

181 2293 270 2350 nibus
285 2295 315 2347 et
329 2287 602 2347 consecrationibus
612 2288 820 2360 episcoporum
833 2285 1010 2344 etteabad·
1131 2293 1134 2300 '
1268 2287 1398 2358 Ejusdem
1429 2290 1488 2357 tore
1521 2290 1686 2358 argumenti.

181 2381 401 2439 ministratione
418 2377 598 2451 pontificalis
622 2376 712 2433 ottleii
728 2377 764 2432 de
779 2376 930 2434 communi
946 2375 1009 2430 fra·
1330 2377 1460 2447 (Datum,
1476 2382 1506 2432 ut
1525 2375 1633 2447 supro.)

181 2476 262 2527 trum
275 2474 445 2525 nostrorum
466 2465 591 2523 consilio
614 2465 752 2522 duximus
773 2463 1010 2538 suspendendos,
1102 2466 1174 2521 Cum
1188 2481 1223 2520 ex
1238 2464 1383 2520 naturalis
1398 2464 1483 2538 legis,
1498 2469 1566 2532 eta,
1576 2470 1606 2520 ut
1619 2481 1706 2536 supra
1717 2465 1811 2533 [ereio
1821 2481 1903 2520 eum-

185 2561 282 2617 doneo
297 2575 386 2630 super
400 2557 457 2613 hoc
482 2571 655 2612 curaremus
678 2554 760 2612 aliud
782 2556 932 2611 ordinare.
955 2557 1013 2611 Per
1065 2555 1125 2610 dem
1148 2554 1258 2610 modum
1282 2569 1368 2624 usque
1391 2553 1554 2610 adverbum
1569 2553 1746 2626 dispensari.
1762 2555 1799 2607 Et
1820 2569 1901 2624 quo-

184 2648 264 2722 quod
280 2647 358 2706 idem
368 2646 538 2718 patriarcha
545 2645 652 2701 honori
665 2660 718 2700 suo
733 2644 921 2716 asseruitper
932 2643 1014 2699 litte·
1066 2644 1148 2700 niam
1158 2643 1593 2716 suspensionissententiamin
1605 2647 1633 2698 ta
1645 2643 1804 2715 prolatam,
1819 2642 1903 2699 sicut

183 2756 232 2796 ras
248 2723 317 2794 suas
330 2736 493 2810 plurimum
508 2735 692 2809 derogatum,
707 2751 774 2791 cum
785 2751 879 2807 usque
890 2732 927 2790 ad
938 2739 1012 2790 tem·
1067 2749 1102 2790 ex
1117 2737 1236 2789 tuarum
1247 2731 1451 2789 intelleximus
1460 2732 1645 2789 continentia
1652 2732 1832 2800 litterarum,
1842 2731 1903 2786 hu-

184 2844 258 2902 pora
273 2827 330 2883 ista
343 2825 520 2898 patriarchas
546 2824 722 2880 Antiocheni
745 2823 900 2896 suspensio
924 2821 1015 2879 fuerit
1067 2821 1180 2877 militer
1190 2821 1350 2877 observasti
1363 2837 1369 2875 :
1384 2822 1453 2888 Nos,
1465 2821 1516 2892 qui
1527 2837 1684 2892 personam
1691 2825 1772 2878 tuam
1780 2821 1903 2876 sincera

185 2913 338 2972 inaudita:
356 2913 498 2984 quoniam
514 2916 543 2968 et
563 2911 766 2984 predecessor
779 2917 880 2968 noster
894 2912 950 2968 Leo
966 2927 1015 2984 pa·
1068 2910 1212 2966 charitate
1234 2908 1385 2983 diligimus
1410 2914 1440 2965 et
1465 2915 1526 2980 tuo,
1551 2916 1697 2982 quantum
1712 2926 1778 2966 cum
1795 2915 1901 2965 nostro

186 3020 225 3076 pa
239 3002 315 3076 (222)
330 3001 538 3058 sanctissimus
549 3000 720 3056 Anatolium
729 3001 929 3072 patriarcham
939 3001 1016 3056 tlon-
1068 3015 1238 3072 possumus,
1248 2997 1432 3055 intendimus
1442 2998 1686 3069 honorideferre,
1702 3015 1770 3056 eum
1780 3003 1810 3054 te
1820 2999 1904 3054 inter

188 3089 497 3162 stantinopolitanum‚
523 3088 656 3160 quamvis
685 3089 884 3161 patriarcham
905 3088 1015 3145 Antio·
1068 3086 1176 3144 fratres
1199 3091 1317 3143 nostros
1340 3086 1516 3144 honorabile
1540 3088 1710 3144 membrum
1723 3093 1751 3145 et
1763 3089 1794 3144 iu
1810 3087 1903 3144 domo

187 3180 317 3236 ahenum
327 3177 791 3250 praesumpseritconsecrarenec
801 3178 1016 3250 suspenditnec
1030 3155 1057 3222 C
1072 3174 1188 3233 Domini
1204 3175 1573 3233 columnam-immobilem
1587 3183 1771 3249 reputemus,
1787 3176 1906 3233 confes·

186 3266 463 3335 excommunicarit,
476 3265 1019 3340 sedredarguitetadmeliusmutarit·
1075 3265 1190 3321 sionem
1206 3270 1401 3337 spontaneam
1411 3271 1441 3320 ct
1451 3265 1699 3338 supplicationem
1709 3265 1845 3322 devomm
1857 3265 1907 3321 be·

186 3357 231 3414 nd
247 3355 450 3412 excusandum
466 3371 585 3428 quoque
600 3355 679 3428 quod
692 3355 813 3424 fecerat,
829 3356 977 3413 nonnulla
988 3356 1019 3411 in
1074 3353 1194 3427 nignius
1206 3354 1409 3422 attendentes,
1426 3353 1462 3410 de
1486 3360 1631 3411 consueta
1650 3357 1735 3412 Rom.
1749 3354 1830 3410 sedis
1844 3355 1908 3411 cle·

186 3444 301 3502 eisdem
325 3443 434 3500 litteris
458 3445 520 3500 suis
536 3445 702 3516 exprimere
717 3445 895 3517 procuravit,
912 3445 1020 3517 quibus
1074 3442 1188 3499 mentia
1207 3458 1324 3514 prauam
1337 3441 1484 3500 inflictam
1509 3443 1648 3500 duximus
1669 3443 1876 3512 relaxandam,
1891 3461 1910 3498 a

185 3551 241 3590 nos
257 3534 325 3606 plus
338 3532 376 3590 ad
386 3533 623 3590 misericordiam
637 3549 727 3605 quam
739 3533 935 3606 adjudicium
950 3551 1021 3606 sup·
1075 3531 1281 3604 suspensionis
1296 3532 1446 3588 sententia
1462 3531 1681 3590 fraternitatem
1705 3539 1786 3590 tuam
1802 3539 1908 3588 aucto-

188 3624 308 3697 pliciter
327 3623 488 3680 invitabat:
511 3624 711 3697 ignorantiam
724 3623 848 3692 scilicet,
864 3641 933 3680 cum
948 3641 1020 3680 nus-
1074 3620 1160 3677 ritate
1170 3621 1363 3692 presentium
1373 3619 1584 3678 denuntiantes
1592 3621 1713 3692 penitus
1722 3621 1905 3678 absolutam.

189 3728 280 3784 quam
296 3727 470 3783 expressum
485 3711 584 3780 luerit,
600 3727 695 3784 usque
709 3711 857 3768 adnostra
873 3717 1018 3784 tempora,
1109 3710 1226 3779 batum,
1241 3715 1272 3766 at
1286 3725 1381 3782 supra.

190 3800 227 3857 de
243 3801 338 3856 electo
354 3801 433 3871 quod
462 3799 498 3856 de
527 3801 675 3874 episcopis
702 3801 799 3856 fuerat
821 3801 1015 3867 institutum
1451 3819 1521 3874 mv,

190 3887 449 3960 perturbationem
471 3889 591 3956 mentis,
617 3905 682 3960 quas
709 3904 762 3961 pro
778 3888 1019 3946 tribulationibus
1332 3924 1482 3965 mom
1504 3924 1643 3964 mmm·

192 3993 257 4048 quae
274 3982 385 4031 terram
400 3975 483 4032 illam
494 3976 584 4031 nimis
598 3977 728 4048 peccatis
744 3977 928 4049 exigentibus
938 3978 1018 4034 inve·
1073 3999 1167 4068 χρειω,
1191 3997 1225 4053 αι,
1249 3998 1342 4068 osggp,
1355 3999 1507 4068 suspendit,
1524 3999 1608 4054 gom,
1623 3998 1747 4070 ,apparo
1759 4015 1808 4055 suo
1822 4016 1908 4071 mppr

191 4069 311 4132 nerunt,
333 4064 458 4120 rationis
482 4079 607 4120 acumen
632 4065 741 4121 intueri
760 4066 877 4122 acutius
902 4083 962 4121 non
979 4067 1020 4122 si·
1145 4069 1348 4140 dilapidatione
1370 4070 1502 4125 bonorum
1516 4070 1645 4126 Ecclesia
1659 4072 1834 4141 respondeat.

190 4152 300 4220 nebat;
315 4153 512 4210 idoneitatem
526 4169 662 4226 personas
678 4159 746 4222 tuae,
763 4170 828 4226 que
852 4153 1019 4211 litteratura
1341 4157 1471 4230 (Datum,
1486 4159 1638 4231 utsupra.)

190 4247 220 4299 et
233 4242 389 4298 honestate
401 4241 516 4298 ceteris
538 4242 619 4298 illius
630 4246 717 4299 terre
732 4240 849 4298 clericis
864 4243 1019 4315 premine·
1108 4245 1177 4301 Sine
1193 4241 1295 4302 dolore
1309 4245 1362 4302 tibi
1378 4253 1408 4304 et
1421 4245 1533 4320 pudore
1545 4248 1675 4304 scribere
1685 4263 1747 4304 non
1757 4248 1906 4320 valemus,

192 4330 243 4388 bat
254 4348 261 4400 ;
274 4335 304 4387 et
314 4330 393 4402 quod
403 4331 614 4387 canonicorum
626 4335 692 4388 rota
706 4331 737 4386 in
754 4331 845 4387 alium
855 4349 915 4388 non
930 4336 1017 4405 pote·
1072 4349 1140 4390 cum
1156 4333 1242 4391 sedes
1257 4341 1353 4407 apost.
1366 4335 1445 4408 quod
1460 4336 1534 4393 olim
1549 4337 1580 4394 in
1597 4342 1625 4392 ta
1648 4337 1833 4411 dignoscitur
1854 4355 1908 4412 ap·

189 4425 258 4478 rant
268 4417 304 4476 de
314 4420 395 4476 facili
406 4421 567 4478 convenire
580 4438 586 4476 :
598 4421 649 4492 qui
663 4422 687 4476 si
700 4420 888 4492 aliquatenus
904 4420 1019 4480 discor·
1071 4421 1224 4495 probasse,
1236 4440 1317 4481 nuuc
1326 4425 1457 4496 peccatis
1467 4424 1652 4499 exigentibus
1664 4427 1779 4498 cogitur
1786 4427 1905 4501 impro·
1974 4427 1975 4470 i

191 4508 462 4565 dassantadomiuo
472 4509 1019 4584 terrraparatoadpraedam,etdescis·
1034 4520 1062 4585 D
1077 4510 1159 4568 bare.
1171 4513 1244 4569 Cum
1255 4514 1336 4570 enim
1346 4513 1383 4569 ab
1395 4513 1460 4586 ipso
1471 4519 1529 4570 tua
1545 4514 1741 4586 promotionis
1756 4517 1906 4592 principio

190 4597 1022 4666 surismentiumexsultante,bonaecclesiasticaessent
1075 4601 1450 4660 interteetdilectosttlios
1460 4605 1620 4660 canonicos
1631 4604 1904 4678 Lingonenmultas

191 4683 370 4742 mirabiliter
393 4684 543 4744 desolata.
568 4689 604 4743 Et
624 4687 701 4743 sicut
722 4687 903 4744 venerabilis
927 4689 1019 4746 frater
1074 4689 1287 4762 pullulaverint
1309 4692 1489 4763 questiones
1512 4709 1727 4766 necunquam,
1743 4701 1903 4768 postquam

191 4778 294 4830 noster
308 4774 461 4831 Conradus
484 4777 672 4849 blaguntinus
688 4777 939 4851 archiepiscopus,
956 4781 1020 4853 epi·
1075 4783 1125 4834 tuo
1141 4780 1300 4836 commissa
1322 4779 1379 4836 fuit
1396 4781 1546 4854 regimini,
1570 4797 1673 4854 pacem
1694 4782 1834 4840 habuerit
1850 4787 1905 4843 Ec·
1974 4809 1975 4850 r

190 4877 299 4934 scopus
314 4860 497 4928 Sabineusis,
518 4865 603 4936 cujus
626 4865 831 4922 testimonium
853 4867 1016 4938 premissis
1076 4865 1167 4922 clesia
1188 4868 1392 4941 Lingonensis,
1418 4869 1494 4924 sicut
1516 4869 1596 4926 tama
1617 4870 1709 4927 refert
1728 4871 1860 4944 publica,
1877 4881 1907 4930 et
1974 4869 1975 4934 ζ

191 4949 574 5022 rationibusconcordabat,
586 4953 648 5010 suis
659 4952 745 5010 nobis
755 4955 864 5011 litteris
874 4955 1022 5011 intimavit
1076 4955 1299 5027 quamplurium
1313 4957 1504 5028 prelatorum
1516 4963 1546 5014 et
1554 4959 1761 5032 religiosorum
1772 4960 1906 5034 ipsarum
1974 4937 1975 4986 ¹

193 5043 244 5094 tua
257 5039 417 5111 prudentia
426 5041 642 5120 circumspecta
657 5043 747 5099 totius
759 5048 844 5099 terras
856 5045 946 5100 statui
956 5044 1020 5117 plu·
1075 5044 1205 5115 partium
1220 5044 1328 5102 litteris
1344 5051 1446 5102 nostro
1469 5051 1514 5104 est
1528 5047 1708 5120 apostolatui
1724 5057 1907 5124 suggestum,

191 5127 304 5184 rimam
328 5134 445 5200 poterat
467 5130 594 5187 existere
620 5130 780 5188 fructuosa.
806 5133 931 5205 Propter
954 5149 1020 5203 quaa
1074 5150 1136 5189 non
1149 5134 1246 5190 solum
1261 5135 1385 5192 mobilia
1400 5136 1452 5194 sed
1466 5138 1556 5194 etiam
1571 5137 1739 5195 immobilia
1748 5139 1909 5211 ipsiusEc-

190 5216 269 5273 circa
281 5217 392 5274 factum
410 5223 494 5275 tuum
509 5219 627 5276 facilius
638 5227 755 5294 poterat
773 5222 950 5295 dispensari.
962 5225 1019 5278 Nos
1074 5223 1171 5279 clasiae
1186 5225 1260 5280 adeo
1276 5223 1450 5293 distraxisti,
1463 5225 1543 5298 quod
1554 5243 1620 5299 que
1630 5226 1703 5283 olim
1725 5227 1806 5284 inter
1819 5231 1907 5288 Galli-

188 5321 259 5378 ergo
275 5322 364 5379 super
377 5307 455 5365 facto
473 5315 522 5364 tuo
548 5326 616 5366 cum
635 5311 778 5367 fratribus
800 5313 912 5368 nostris
937 5327 1020 5368 com·
1074 5328 1165 5368 canas
1180 5313 1326 5370 Ecclesiae
1343 5314 1453 5370 nobilis
1469 5315 1565 5372 fuerat
1578 5321 1610 5371 et
1627 5315 1743 5372 fumosa
1755 5332 1837 5375 nunc
1852 5319 1905 5378 ha-

189 5409 309 5449 munem
320 5401 477 5456 tractatum
486 5398 1019 5458 habentesetsubtiliterattendeutes
1072 5400 1177 5457 beatur
1189 5399 1226 5456 ab
1238 5402 1296 5468 his,
1313 5402 1405 5474 quiin
1430 5404 1556 5460 circuitu
1572 5405 1638 5477 ejus
1654 5409 1733 5472 sunt,
1750 5405 1782 5460 in
1797 5423 1903 5480 oppro

188 5483 268 5551 quod
284 5488 467 5543 consecratio
484 5488 537 5544 tibi
552 5488 661 5545 collata
675 5505 731 5545 nec
746 5490 854 5562 prioris
878 5489 1017 5547 Ecclesire
1072 5491 1170 5547 hrium
1185 5497 1215 5547 et
1229 5497 1442 5564 contemptum.
1459 5493 1553 5567 Super
1567 5495 1675 5566 quibus
1690 5509 1758 5550 oum
1782 5511 1801 5551 a
1826 5497 1899 5554 Lin—
1974 5523 1975 5530 ,

224 5604 312 5679 (221‘)
329 5607 398 5666 Vide
413 5626 503 5684 supra
517 5612 603 5685 epist.
615 5613 676 5668 447.
1106 5615 1181 5690 (222)
1194 5617 1251 5674 Leo
1266 5619 1288 5690 1,
1305 5617 1391 5691 epist.
1407 5619 1451 5676 5³.
