3974 6078
63 297 138 354 1081
566 281 821 343 resumentes
839 281 936 340 ANNO
955 283 988 354 V,
1009 283 1147 342 CHRISTI
1167 285 1246 341 1202.
1699 286 1769 348 toea

56 412 749 486 rumvero,sicutmandaveramus,proenratore
758 406 887 464 admisso
902 411 931 478 Α
947 406 1137 464 sustinendas
1149 413 1178 463 et
1192 408 1333 465 emendas
1345 411 1532 483 operationes
1543 411 1769 471 officinarum-et

57 509 205 583 quoniam
218 506 374 578 episcopus
393 502 500 558 absens
516 505 588 564 erat,
601 505 630 554 et
644 514 698 570 pro
718 496 891 552 necessariis
945 495 1072 552 aliarum
1082 496 1238 553 domorum
1248 500 1423 556 cumalteris
1433 501 1643 570 oblationibus,
1655 503 1770 560 sulfice-

60 597 244 672 quibusdam
269 594 351 664 regni
366 590 493 665 negotiis
508 589 545 644 ad
572 605 627 644 nos
642 586 791 659 proiectus
804 587 890 658 (atti,
945 591 1013 641 rent
1032 585 1188 642 facultates
1208 593 1237 643 et
1249 587 1382 644 redditus
1397 590 1539 646 librarum
1561 592 1768 666 sterlingorum

59 683 316 760 quemadmodum
326 673 892 751 dicebatur,superhisqureinquirenda
946 675 1064 730 circiter
1078 681 1293 745 sexcentarum,
1306 677 1429 735 arbitrio
1445 681 1514 736 boni
1525 681 1588 751 viri,
1605 683 1769 738 etasstima·

59 777 147 833 vobis
159 775 343 849 injunximus
354 767 686 841 veritatemdiligeutius
695 765 890 836 inquirentes
945 764 1026 820 tione
1041 766 1192 821 communi
1207 768 1308 822 taxati.
1320 769 1377 824 Nos
1393 785 1461 842 ergo
1473 787 1563 842 super
1576 771 1769 842 inquisitione

60 883 131 924 eam
148 864 233 920 nobis
243 863 382 918 intimare
393 858 529 916 curastis.
541 859 634 929 Super
644 855 749 911 iisdem
759 868 826 908 vero
838 865 891 907 nos
946 869 979 908 nc
995 851 1207 909 deliberatione
1231 857 1386 927 praemissa
1409 875 1477 916 eum
1497 860 1638 916 iratribus
1659 863 1769 917 nostris

60 957 207 1014 certiores
234 951 356 1008 reddere
382 947 561 1015 curassetis,
586 945 644 1001 nisi
667 942 892 1016 possessionum
946 941 1046 998 habito
1056 943 1189 1017 diligenti
1200 950 1336 1013 tractatu,
1349 963 1414 1004 eam
1426 947 1461 1003 de
1478 951 1628 1006 communi
1644 951 1769 1007 consilio

62 1041 282 1102 Glastoniensis
298 1040 431 1096 eeclesias
455 1036 561 1093 incolas
577 1051 651 1107 quos
665 1029 844 1089 vocaveratis
855 1028 892 1085 ad
946 1031 1155 1104 approbantes,
1171 1051 1238 1090 cum
1249 1035 1318 1106 jure
1329 1037 1635 1096 videbaturcanonico
1647 1058 1770 1097 concor-

62 1133 257 1210 pruesentiam
271 1135 410 1195 vestram,
426 1132 459 1183 nt
480 1141 533 1198 per
545 1141 595 1180 eos
609 1123 830 1196 possessionum
843 1135 893 1174 eo·
946 1121 1026 1190 dare,
1043 1139 1097 1195 per
1112 1123 1191 1194 quod
1207 1131 1313 1195 quarta
1333 1144 1402 1198 pars
1427 1129 1559 1184 ecelesias
1574 1137 1769 1203 proventuum

62 1223 214 1292 rumdem,
231 1220 402 1278 reddituum
414 1222 443 1272 et
453 1230 663 1283 onerum,vera
672 1211 753 1268 vobis
765 1209 891 1265 mstinra·
947 1211 1084 1283 episcopo
1100 1212 1276 1286 assignatur,
1288 1215 1459 1273 discretioni
1471 1224 1573 1274 vestras
1586 1237 1638 1292 per
1653 1227 1769 1292 aposto·

62 1317 107 1371 ιιο
124 1315 336 1376 innotesceret,
352 1326 369 1364 a
383 1305 529 1362 ministris
544 1303 632 1377 regiis
644 1301 698 1358 sub
712 1298 892 1356 intermina·
945 1299 1004 1356 lica
1019 1300 1129 1373 scripta
1139 1303 1325 1374 mandamus,
1338 1312 1496 1378 quatenns,
1511 1309 1708 1366 nonobstante
1724 1309 1770 1366 di·

63 1405 147 1461 tione
164 1399 322 1458 carceralis
344 1413 438 1470 poenae
463 1394 607 1461 deterriti,
620 1391 658 1448 ad
685 1387 892 1446 vesaeeedere
945 1389 1058 1444 visione
1083 1390 1233 1464 praedicta,
1254 1401 1320 1466 post
1346 1395 1556 1474 diffinitionem
1582 1404 1714 1456 nostram
1739 1399 1770 1456 in

60 1491 287 1550 formidassent.
299 1487 487 1560 Inquirentes
496 1481 637 1556 itaquede
649 1481 771 1553 antiquo
783 1483 812 1534 et
821 1495 893 1533 con·
946 1477 1152 1550 prejudicium
1160 1481 1238 1553 juris
1248 1484 1441 1542 ecelesiastici
1447 1503 1604 1560 perperam
1615 1494 1769 1558 attentata,
1845 1509 1850 1516 ·

62 1587 151 1640 sueto
168 1595 292 1636 numero
305 1575 521 1632 monachorum
531 1571 686 1644 accepistis
697 1587 715 1626 a
725 1567 892 1625 senioribus
947 1571 976 1622 et
990 1565 1050 1621 illis
1063 1567 1180 1638 litteris,
1196 1588 1261 1642 quae
1277 1573 1421 1630 relatione
1432 1575 1579 1647 pendente
1591 1579 1627 1634 ad
1637 1595 1696 1646 vos,
1712 1577 1772 1636 lra-

61 1671 200 1744 ajusdem
215 1665 389 1724 monasterii
414 1663 567 1719 sevidisse
584 1658 745 1732 aliquando
768 1662 891 1730 septua-
947 1659 992 1710 ter
1007 1657 1144 1731 episcope
1159 1675 1192 1714 ac
1213 1660 1255 1715 nti
1282 1662 1383 1732 abbas,
1399 1664 1555 1738 impetrate
1575 1668 1724 1739 dicuntur,
1740 1675 1773 1726 ut

61 1762 147 1834 ginta
161 1759 245 1826 dues,
261 1761 291 1812 et
300 1771 360 1810 non
380 1754 481 1828 plures
497 1751 659 1810 monachos
673 1750 704 1804 in
720 1749 867 1804 conventu
884 1759 891 1797 ε
948 1745 1113 1802 secundum
1128 1747 1253 1805 sormam
1264 1752 1371 1823 prioris
1382 1755 1513 1812 mandati
1528 1757 1559 1812 in
1574 1757 1638 1829 ipso
1654 1761 1771 1832 negotio

66 1855 129 1906 eta
150 1845 314 1920 majoribus
343 1844 403 1900 suis
428 1840 567 1907 audiisse,
596 1839 675 1910 qnod
703 1837 851 1910 octoginta
864 1841 893 1891 et
949 1834 1772 1918 procederecuraretis,universa,quaeaddispesitionem

63 1938 196 2011 amplius
218 1934 328 1990 ibidem
352 1936 438 1988 erant
460 1930 626 2001 antiquitus
650 1927 824 1984 constituti:
839 1925 891 1982 sed
947 1923 1513 2004 Glasteniensismonaster-iipertinent,
1522 1935 1608 2007 juxta
1624 1937 1772 2008 quodalia

67 2029 105 2085 ab
121 2026 173 2081 illo
189 2023 310 2096 antiquo
326 2027 459 2093 tempore
479 2019 574 2074 multa
587 2034 652 2089 quas
680 2022 750 2072 tune
764 2014 893 2070 habebat
945 2011 1007 2068 vice
1023 2013 1207 2086 scripsimus.
1225 2019 1413 2090 praemissum
1429 2029 1586 2095 sequentes
1601 2026 1772 2103 consilium,

67 2113 295 2180 monasterium,
311 2127 365 2183 per
379 2108 591 2165 alienationem
606 2105 703 2162 etalio
719 2104 807 2160 modo
822 2103 893 2159 sub·
947 2103 1028 2157 omni
1049 2105 1281 2163 contradictione
1301 2115 1330 2164 et
1353 2111 1551 2182 appellatione
1575 2116 1772 2178 cessantibus,

65 2210 177 2263 stracta
192 2207 261 2260 sunt
275 2201 378 2256 usibus
404 2198 629 2264 monachorum,
643 2197 675 2250 ιιι
695 2210 821 2265 quorum
836 2193 893 2248 mi·
948 2193 1130 2249 exsecutioni
1141 2195 1297 2252 mundetis.
1312 2201 1367 2254 l‘er
1379 2200 1436 2256 hoc
1446 2207 1545 2258 tamen
1557 2220 1646 2275 super
1657 2205 1773 2260 honori·

64 2293 198 2352 nistoriis
213 2289 368 2347 invenistis
378 2287 479 2361 viginti
491 2292 551 2342 tres
562 2285 724 2341 servientes
734 2283 893 2339 haeredita·
948 2280 1076 2337 licentiis
1087 2287 1116 2338 et
1128 2283 1290 2357 obsequiis,
1300 2304 1366 2358 quae
1377 2289 1463 2362 regias
1475 2290 1651 2347 sublimitati
1661 2292 1774 2348 deben-

64 2386 110 2441 rio
123 2384 191 2455 jure
205 2379 241 2437 ad
253 2379 351 2435 olticia
361 2376 547 2442 constitutos,
559 2380 589 2430 et
602 2374 634 2428 hi
646 2372 807 2428 necessarii
817 2370 893 2426 vide·
948 2373 1006 2438 tur,
1023 2371 1140 2427 nullum
1154 2372 1289 2431 volumus
1305 2377 1510 2449 prejudicium
1525 2379 1570 2434 vel
1588 2381 1774 2438 obstaculum

66 2475 187 2529 bantur.
205 2468 286 2526 Alios
310 2472 410 2523 autem
435 2465 588 2536 reperistis
604 2463 722 2519 circiter
745 2462 895 2534 octoginta
948 2458 1093 2529 generari.
1112 2460 1229 2528 Verum,
1244 2477 1310 2518 cum
1332 2462 1429 2520 dictus
1444 2466 1612 2538 episeopus,
1628 2467 1773 2523 sicutne·

66 2562 123 2619 sub
138 2556 351 2633 temporalibus
367 2553 522 2628 stipenoiis
546 2552 770 2619 monachorum,
789 2549 826 2605 ad
849 2549 892 2605 di·
950 2545 1018 2601 stris
1040 2552 1085 2602 est
1101 2548 1223 2604 auribus
1247 2551 1428 2621 intimatum,
1447 2555 1548 2627 plures
1570 2555 1773 2628 possessiones

64 2650 307 2722 versosipsorum
320 2662 402 2713 usus,
418 2648 447 2699 et
462 2641 636 2698 commodos
649 2657 683 2696 ae
700 2639 894 2704 necessarios,
949 2635 1163 2692 Glastoniensis
1177 2637 1308 2694 ecclesias
1318 2641 1447 2698 alienare
1462 2646 1697 2717 presumpserit,
1709 2646 1774 2718 plu·

64 2747 99 2798 ιιι
113 2742 260 2806 asserunt,
277 2735 443 2807 deputatos.
456 2733 494 2787 De
508 2730 699 2786 facultatibus
709 2745 777 2784 vero
792 2745 896 2784 mona·
949 2741 998 2780 res
1008 2726 1141 2782 redditus
1157 2729 1337 2799 promiserit,
1353 2731 1428 2788 daus
1444 2735 1590 2806 superbis
1601 2735 1718 2791 chartas
1735 2735 1776 2790 si-

66 2827 161 2894 sterii,
178 2826 255 2880 sieut
268 2822 435 2895 intelligere
450 2820 599 2894 potuistis,
611 2818 750 2891 providus
763 2817 896 2890 pateria—
950 2813 1066 2887 gilletas
1082 2815 1177 2888 sigillo
1189 2817 1321 2874 eeclesiis
1337 2821 1416 2891 quod
1426 2822 1571 2879 violenter
1582 2823 1710 2880 iaciebat
1724 2839 1778 2896 per

66 2915 178 2972 milias.
191 2929 263 2969 eura
273 2909 408 2983 diligenti
420 2907 719 2976 adbibitaetcultura,
731 2907 897 2978 perciperet
951 2904 1094 2975 quosdam
1106 2907 1266 2962 monachos
1277 2908 1419 2978 detineri3
1432 2911 1576 2983 quosdam
1589 2917 1737 2984 parentes,
1749 2918 1777 2970 et

70 3003 189 3060 circiter
204 3001 387 3074 octingentas
412 2997 503 3054 libras
527 3013 644 3053 annuas
674 2996 894 3068 sterlingorum.
949 2992 1777 3071 lautoressuosinecclesiispertinentibusadecelesiam

68 3093 246 3166 Indagantes
262 3092 351 3147 etiam
368 3089 444 3145 sicut
459 3088 715 3154 mandaveramus,
732 3086 897 3142 institutio·
951 3082 1188 3140 Glastoniensem
1201 3085 1364 3154 intruserit,
1376 3095 1406 3144 et
1416 3089 1496 3147 bona
1506 3089 1638 3148 ecclesius
1651 3091 1778 3164 dissipa-

68 3201 139 3241 nem
150 3179 365 3238 cathedralium
376 3178 569 3234 ecclesiarum
582 3175 706 3250 Angliae,
718 3193 783 3248 quas
795 3192 894 3230 mona·
911 3181 937 3248 fl
950 3170 999 3240 rit,
1015 3178 1082 3245 post
1096 3175 1326 3247 appellationem
1341 3179 1378 3234 ad
1400 3197 1456 3236 nos
1471 3181 1580 3253 saepius
1593 3181 1777 3248 innovatam,

67 3275 140 3330 chos
155 3270 276 3339 habent,
293 3270 324 3326 in
340 3267 449 3340 quibus
464 3265 618 3322 honestius
631 3265 746 3333 vivitur,
759 3269 788 3321 et
798 3263 897 3320 lauda-

66 3362 159 3419 bilius
174 3358 246 3415 erdo
258 3357 439 3414 monasticus
452 3356 636 3421 observatur,
650 3353 805 3425 etplenius
815 3369 898 3408 vaca-

69 3455 119 3507 tur
129 3448 269 3523 operibus
293 3445 455 3510 charitatis,
481 3443 636 3499 invenistis
651 3442 819 3514 portionem
837 3459 900 3497 mo·

70 3540 234 3596 nocherum
248 3535 283 3593 ab
301 3536 509 3608 episcoporum
531 3532 716 3605 portionibus
733 3536 900 3604 separatam

72 3635 102 3686 et
116 3629 147 3684 in
164 3624 341 3700 quibusdam
357 3623 476 3679 illarum
492 3622 614 3677 unicum
630 3626 675 3677 est
696 3626 724 3676 et
743 3637 901 3676 commune

75 3717 260 3789 marsupium
276 3713 480 3780 constitutum,
496 3712 528 3767 in
542 3709 623 3782 quod
637 3727 741 3765 omues
755 3709 900 3779 redditus,

74 3813 104 3864 et
118 3819 303 3878 quecunque
317 3819 352 3858 ex
362 3799 588 3857 obventionibus
604 3799 790 3872 proveniunt,
802 3799 873 3854 coni
890 3829 900 3840 ·

73 3899 192 3960 runtur‚
209 3908 244 3946 ex
266 3906 324 3962 quo
340 3887 377 3945 ad
393 3904 496 3944 omnes
512 3902 583 3942 usus
600 3887 783 3954 monasterii,
801 3886 902 3959 hospi-

72 3987 183 4039 tumet
204 3995 380 4054 pauperum,
397 3977 604 4046 communiter,
622 3980 651 4030 et
672 3975 753 4030 tldeli
768 3975 903 4031 custodia

74 4065 777 4138 ministratur.lnaliisveroseparatasportiones
791 4065 904 4121 habent

75 4165 104 4217 et
119 4159 279 4232 marsupia,
291 4156 425 4226 sacrista,
442 4154 592 4222 cellarius,
605 4154 786 4210 camerarius
797 4159 826 4210 et
841 4153 903 4209 ele-

74 4248 280 4321 emosynarius
295 4245 332 4302 ad
348 4261 402 4301 sua
412 4243 579 4300 ministeria
589 4242 768 4317 peragenda,
779 4259 902 4316 genera-

74 4338 142 4395 liter
167 4342 267 4393 autem
293 4336 375 4407 prior
403 4332 596 4390 constituitur
619 4331 655 4388 ab
671 4333 809 4405 episcopo
834 4349 902 4388 cum

75 4426 456 4484 monachorumassensuet
469 4423 499 4476 in
508 4421 658 4493 plerisque
667 4421 902 4493 proelaetomodo

953 3261 1227 3334 inipsiusecelesiae
1238 3269 1778 3326 maximumdetrimentumzvolumus

952 3351 1149 3410 nihilominus
1160 3359 1189 3410 et
1198 3356 1385 3422 mandamus,
1396 3363 1429 3414 ut
1438 3375 1623 3432 quascunque
1636 3359 1779 3432 superbis

954 3447 983 3496 et
998 3441 1064 3498 aliis
1079 3441 1115 3498 ab
1132 3443 1194 3515 ipso
1220 3446 1369 3519 episcopo,
1392 3447 1423 3503 in
1448 3464 1606 3520 gravamen
1635 3448 1779 3517 ecclesias,

955 3545 1110 3602 perperam
1136 3534 1278 3590 noveritis
1306 3540 1459 3602 attentata,
1488 3537 1573 3593 irrita
1597 3537 1780 3605 nuntiantes,

956 3637 1000 3687 ea,
1017 3627 1132 3677 remota
1144 3623 1303 3695 cujuslibet
1315 3626 1559 3682 contradictionis
1568 3626 1781 3698 etappellatio-

956 3709 1004 3764 nis
1015 3709 1179 3779 obstaculo,
1190 3715 1297 3768 amotis
1308 3715 1609 3785 quibuslibetillicitis
1619 3716 1781 3772 detentori·

956 3798 1022 3866 bus,
1038 3799 1070 3853 in
1086 3805 1196 3856 statum
1210 3802 1370 3872 pristinum
1381 3805 1524 3861 revocetis
1537 3823 1544 3872 ;
1556 3804 1727 3862 inhibentes
1740 3804 1782 3860 ei-

956 3887 1025 3944 dem
1041 3889 1180 3962 episeopo
1195 3906 1232 3946 ne
1247 3890 1283 3947 de
1298 3891 1384 3949 bouis
1408 3893 1622 3951 Glastouiensis
1647 3894 1781 3951 ecelesiae

957 3977 1195 4052 aliquideaigere
1206 3979 1250 4035 vel
1267 3981 1399 4038 detinere
1410 3988 1580 4054 presumat,
1595 3984 1653 4039 nisi
1667 3983 1782 4056 quodei

958 4076 1782 4149 secundumdlspositionemnostramavobislueritns-

959 4167 1117 4240 signatum,
1134 4183 1205 4223 neve
1229 4169 1259 4224 in
1275 4169 1405 4226 claustro
1421 4170 1465 4226 vel
1480 4171 1621 4244 capitulo,
1642 4171 1732 4227 ducat
1746 4171 1783 4226 de

958 4262 1064 4312 caetero
1081 4256 1204 4314 clericos
1219 4258 1264 4314 vel
1280 4259 1382 4326 laicos,
1402 4259 1574 4316 indecenter
1598 4265 1702 4316 eontra
1724 4276 1785 4314 mo-

957 4345 1102 4401 nasticam
1118 4345 1318 4418 disciplinam.
1335 4348 1475 4403 Volumus
1485 4348 1607 4418 insuper
1621 4352 1651 4402 et
1663 4346 1783 4402 manda·

957 4449 1034 4503 mus,
1049 4439 1082 4489 ut
1096 4435 1191 4490 dictus
1207 4437 1364 4507 episcopus
1383 4435 1582 4491 Glastoniensi
1606 4435 1738 4492 ecclesia*
1755 4441 1784 4490 et

76 4515 275 4572 ὓθῦἓῑῑῑῦῐῑῑῦΐ
290 4513 326 4568 ab
347 4513 484 4584 el³i⁵⁰⁰l>⁰
510 4515 637 4582 quatum
661 4509 804 4566 ⁰ffl⁰istl⁸⁸
826 4529 901 4582 Psffi·
916 4543 944 4609 Β
960 4523 1024 4595 ejus
1040 4523 1221 4592 hominibus,
1233 4531 1262 4578 et
1276 4525 1460 4596 magistroll‚
1477 4523 1513 4579 de
1529 4524 1650 4580 Summa
1664 4524 1782 4580 subdito

77 4605 157 4664 dieti.
174 4605 248 4666 Sanc
264 4603 296 4658 in
312 4601 372 4657 llue
382 4600 549 4656 litterarum
563 4604 736 4668 vestrarum,
753 4604 840 4672 prout
856 4599 902 4656 in-

72 4697 211 4768 junctum
227 4693 325 4748 luerat
338 4689 431 4756 vobis,
442 4688 533 4744 trater
544 4688 691 4761 episcope,
703 4693 733 4742 et
743 4688 786 4744 tlli
802 4689 903 4758 abbas,

77 4789 208 4841 vestrum
220 4777 565 4844 eonsiliumintimastis;
577 4777 656 4850 quod
665 4775 812 4846 videlieet,
818 4778 905 4850 juxta

77 4873 158 4930 illius
172 4870 310 4928 Ecclesiae
325 4867 528 4925 conditionem
539 4871 717 4939 praesentem
725 4866 807 4922 vobis
821 4865 903 4922 suitl-

77 4979 144 5022 cere
159 4961 323 5026 videbatur,
335 4963 369 5014 ut
382 4958 567 5014 inconvento
583 4973 618 5012 ex
633 4955 737 5012 ordine
754 4956 906 5029 sexaginta

79 5052 217 5110 monaehi
239 5047 417 5116 residerent,
441 5046 621 5118 adquorum
636 5061 708 5100 usus
724 5060 828 5101 omnes
845 5051 904 5100 tam

78 5141 234 5199 interiores
249 5153 339 5212 quam
350 5135 522 5202 exteriores,
539 5134 787 5190 sustentationem
799 5149 905 5206 paupe·

80 5247 146 5288 rum
161 5237 191 5286 et
203 5227 407 5300 receptionem
417 5225 569 5296 hospitum
584 5224 755 5279 honestene
771 5222 905 5294 plenarie

80 5319 256 5386 faciendam,
272 5318 310 5376 ad
318 5315 463 5372 fabricam
474 5312 606 5371 ecclesie
624 5311 861 5382 restaurandam,
878 5317 907 5368 et

118 5491 191 5558 (stt)
208 5488 375 5544 Savaricum
391 5489 514 5543 Romam
527 5485 692 5557 protectum
705 5499 770 5539 esse
785 5486 908 5541 assserit

85 5561 215 5619 ridemus
229 5561 291 5627 (loc.
308 5559 354 5616 cit.
371 5574 436 5632 pag.
453 5559 517 5626 582,
533 5562 563 5612 et
577 5555 645 5612 inde
660 5554 811 5624 reducem,
828 5556 907 5612 diem

85 5633 191 5690 obiisse
217 5646 400 5704 supremum,
425 5645 504 5687 anno
530 5627 601 5686 4250
624 5627 671 5700 (ex
695 5627 810 5696 eodem,
826 5627 907 5701 ibid.)

960 4617 1072 4680 nostro,
1098 4613 1209 4684 injuste
1224 4612 1324 4668 ablata
1355 4613 1493 4670 restituat
1517 4613 1663 4682 universa,
1687 4619 1717 4669 et
1746 4613 1783 4668 de

960 4703 1077 4760 damnis
1092 4709 1122 4759 et
1136 4703 1254 4776 injuriis
1283 4703 1362 4758 iutra
1386 4702 1460 4758 duos
1482 4719 1601 4759 meuses
1623 4703 1785 4760 satislaciat

959 4797 1172 4864 competenter,
1184 4797 1214 4848 et
1222 4792 1385 4848 secundum
1394 4792 1572 4864 portionem,
1584 4809 1650 4863 quea
1662 4791 1789 4847 siluerit

959 4883 1108 4956 assignata
1127 4885 1231 4939 subeat
1246 4901 1338 4940 onera
1353 4882 1532 4951 debitorum,
1549 4883 1659 4955 quibus
1673 4881 1788 4938 Glasto-

960 4973 1074 5030 niensis
1103 4973 1228 5029 ecelesia
1256 4973 1364 5030 dicitur
1379 4978 1543 5047 aggravata.
1560 4973 1663 5028 Utrum
1688 4975 1788 5026 autem

963 5063 1167 5136 possessiones
1191 5063 1251 5118 siut
1279 5061 1444 5118 dividendae
1469 5079 1506 5118 ne
1521 5063 1597 5118 torte
1625 5059 1791 5132 negligatur

962 5153 1104 5224 utrinque
1127 5151 1205 5223 quod
1226 5151 1425 5207 communiter
1439 5149 1618 5222 possidetur,
1644 5165 1681 5204 an
1697 5146 1791 5220 magis

962 5243 1021 5298 sint
1037 5240 1187 5296 dividendi
1204 5245 1372 5312 proventus,
1389 5256 1427 5295 ne
1441 5240 1516 5296 sorte
1533 5239 1685 5310 contingat
1709 5251 1788 5292 eam·

961 5331 1030 5388 dem
1046 5331 1243 5386 substantiam
1263 5329 1378 5385 diverso
1390 5329 1458 5401 jure
1472 5328 1599 5398 censeri,
1614 5323 1787 5382 discretioni

961 5481 1046 5564 Apud
1074 5481 1249 5562 bathoniam
1272 5479 1456 5561 tumulatum¹
1472 5479 1563 5561 luisse
1592 5477 1663 5534 dicit
1686 5479 1791 5532 auctor

961 5553 1091 5610 historias
1106 5569 1315 5679 episcoporum
1333 5552 1587 5640 Bathpnrensrum.
1600 5547 1686 5622 Apud
1705 5549 1787 5604 lliu-

961 5641 1044 5684 rnou.
1058 5627 1116 5695 lap
1131 5641 1222 5683 ‚soen
1239 5629 1306 5698 part
1319 5639 1338 5692 1,
1353 5639 1382 5697 p.
1399 5625 1461 5680 563.
