3952 6056
175 277 228 330 aot
672 275 872 332 luuocuuvn
890 275 929 332 111
947 276 1002 331 ΡΡ.
1023 273 1258 333 REGESTORUM
1278 271 1345 330 LlB.
1365 271 1388 328 1.

178 399 264 468 siam,
278 402 390 471 quanto
402 399 520 472 injurie
530 400 593 473 regi
607 399 695 456 eiden
704 400 794 456 illatae
806 401 837 456 in
846 401 912 473 ejus
923 401 1000 474 injn·
1016 405 1046 469 Α
1403 396 1540 454 ccxliv,

178 488 254 546 riam
265 492 294 543 et
308 488 503 560 ignominiam
518 495 683 546 noscuntur
696 490 811 563 gravius
821 489 999 558 redundare,
1195 502 1324 544 nriscoao
1344 502 1376 542 nr
1399 501 1530 542 carinum
1549 501 1733 542 anconvsxna.

180 593 248 632 curn
259 577 315 648 ipsi
326 577 388 650 regi
399 593 460 632 non
470 577 541 634 dnm
551 578 641 634 luerit
651 579 846 647 satisfactum,
855 578 926 634 licet
939 594 1000 634 non
1055 577 1185 636 Goaonici
1194 576 1270 648 opud
1284 577 1430 630 Ecclesiam
1440 590 1495 630 aon
1513 576 1669 644 residentes,
1686 591 1740 630 non
1762 581 1885 648 possunt

181 663 370 721 credamnsa
397 669 448 721 tua
475 667 620 722 memoria
637 667 781 724 excidisse
797 666 887 739 quod,
903 666 1001 723 divina
1107 651 1261 718 infringere
1276 661 1336 720 llll&
1351 649 1381 702 5²²
1395 646 1549 702 absentibus
1568 651 1637 747 ”iifl
1652 652 1821 704 “mumur-

181 752 275 826 gratia
289 751 464 825 inspirante,
487 754 646 826 predictus
661 761 745 828 pater
760 761 827 812 tuus
852 773 939 812 sunm
953 773 1002 812 re·
1292 738 1414 808 ffl⁰111ffls
1430 753 1478 792 V¹¹¹
1490 735 1524 792 ld
1537 737 1641 805 J¹1¹¹i¹·)

182 858 363 915 cognoscens
379 858 527 912 exessum,
543 844 672 901 ablatam
697 846 854 918 pecuniam
869 846 925 917 ipsi
940 846 1001 918 regi
1091 844 1135 900 Ad
1149 843 1332 900 audientiam
1355 848 1487 900 nostram
1502 844 1693 900 meminimus
1709 844 1885 916 pervenisse

181 945 242 986 non
258 931 354 986 solum
369 931 453 988 reddi
477 933 661 1004 praeceperit,
672 950 773 990 verum
790 935 878 990 etiam
898 951 915 990 a
930 939 958 990 te
973 939 1003 990 et
1056 932 1264 1008 quodquidam
1273 931 1412 987 Ecclesiae
1423 937 1526 987 vestre
1538 931 1757 1003 canonici,licet
1768 933 1883 989 ibinon

181 1018 217 1075 ab
228 1018 499 1076 aliistamiliaribus
512 1021 573 1076 suis
586 1026 615 1077 et
630 1022 827 1094 lldelibusqui
840 1028 1002 1095 presentes
1056 1024 1167 1080 iaciant
1182 1021 1380 1087 mansionem,
1397 1019 1449 1076 sed
1464 1020 1494 1076 in
1507 1020 1582 1078 locis
1596 1019 1663 1076 aliis
1674 1021 1781 1095 majori
1796 1026 1887 1096 parte

181 1109 1003 1183 aderantsupersolutioneipsiuspecuniaeprasstariie·
1057 1112 1128 1168 anni
1152 1128 1204 1182 pro
1225 1127 1285 1165 suae
1308 1109 1468 1164 voluntatis
1492 1109 1614 1165 arbitrio
1630 1109 1695 1165 sine
1708 1111 1887 1168 rationabili

182 1197 255 1252 cerii
265 1197 459 1269 corporaliter
462 1199 678 1270 juramentum.
691 1200 764 1266 Quia
774 1200 862 1272 igitur
870 1201 944 1255 tanti
956 1216 1003 1255 ex·
1057 1203 1307 1258 causamorentur
1314 1197 1360 1254 vel
1369 1197 1458 1253 etiam
1467 1197 1691 1268 circumpositas
1699 1199 1890 1255 circumeant

182 1301 283 1342 cessus
298 1286 439 1358 injuriam
450 1286 817 1360 clansisoculispraeterire
829 1304 888 1344 non
898 1305 1003 1361 possn-
1057 1285 1772 1363 regiones,tamenquotiesdeterrarnmEcclesia
1782 1286 1888 1360 dispo-

183 1389 316 1431 musuec
330 1374 482 1444 debemus,
494 1376 678 1433 nobilitatem
703 1383 784 1434 tuam
803 1393 961 1434 monemus
975 1382 1005 1434 et
1058 1377 1215 1434 sitionibus
1228 1377 1273 1432 vel
1295 1377 1507 1432 canonicorum
1532 1377 1702 1447 receptione
1726 1380 1887 1446 tractatur,

184 1465 376 1520 exhortamur
391 1464 421 1519 in
437 1466 571 1535 llomino,
588 1471 676 1539 atque
691 1467 721 1524 in
736 1468 941 1524 remissionem
957 1469 1005 1523 in·
1058 1466 1194 1523 eamdem
1206 1466 1261 1521 sibi
1270 1465 1372 1520 volunt
1383 1465 1442 1520 sive
1454 1464 1484 1520 in
1496 1463 1730 1520 contradictione
1742 1466 1801 1520 sive
1812 1483 1889 1537 pro-

181 1552 335 1628 jnngimus
345 1559 688 1626 peccatorumquatenus
700 1563 759 1611 tam
769 1563 924 1628 inaquam
939 1557 1005 1612 ani·
1058 1556 1210 1612 curatione
1222 1559 1367 1610 terrarum
1377 1554 1584 1608 auctoritatem
1597 1552 1808 1608 intercaeteros
1818 1554 1887 1608 vin-

185 1657 241 1698 mas
251 1641 344 1714 patris
356 1642 398 1697 tui
410 1642 497 1698 saluti
505 1643 589 1716 juxta
600 1644 764 1715 prestitum
781 1661 798 1702 a
808 1651 836 1701 te
847 1645 1004 1716 providens
1059 1645 1157 1700 dicare
1168 1659 1256 1716 quum
1265 1642 1309 1698 illi
1321 1642 1371 1714 qni
1382 1641 1460 1697 circa
1468 1640 1631 1696 Ecclesiam
1638 1641 1889 1698 continuedemo·

180 1731 396 1804 juramentum,
410 1732 626 1803 praenominato
636 1733 698 1806 regi
704 1735 862 1806 pecuniam
873 1734 938 1790 sine
948 1735 1005 1790 dil·
1020 1764 1046 1830 B
1060 1737 1164 1790 rantur
1173 1737 1202 1789 et
1212 1731 1338 1790 servitiis
1349 1730 1456 1787 divinis
1471 1730 1623 1786 assistunt.
1637 1729 1729 1799 Unde,
1741 1731 1888 1802 quoniam

186 1818 317 1876 sscultate
329 1818 467 1875 restituas
482 1820 661 1877 antedictam
675 1827 704 1877 et
718 1822 754 1878 de
770 1823 887 1895 injuriis
897 1825 1005 1897 irroga·
1061 1823 1128 1895 plus
1141 1819 1335 1878 emolumenti
1350 1823 1504 1876 merentur
1514 1819 1648 1892 accipere
1659 1819 1709 1890 qui
1723 1819 1789 1892 plus
1800 1820 1889 1878 inve-

185 1909 223 1963 tis
234 1907 466 1963 satisfactionem
476 1925 636 1981 congruam
647 1927 707 1967 non
724 1911 843 1968 diiieras
856 1913 1004 1970 exhibere.
1060 1910 1270 1966 niunturcirca
1280 1908 1482 1964 ministerium
1494 1907 1727 1964 ecclesiasticum
1737 1909 1888 1966 sustinere

186 1995 326 2066 Alioquin
347 1996 465 2052 noveris
485 2013 539 2054 nos
555 2000 715 2055 venerabili
728 1999 812 2056 tratri
828 2006 930 2057 nostro
943 2003 1007 2058 Sal·
1060 1999 1180 2068 laboris,
1192 1999 1231 2054 ad
1245 1997 1398 2069 exemplar
1410 2001 1519 2052 sancte
1528 1995 1743 2052 recordationis
1753 1998 1888 2072 Gregorii

186 2083 309 2157 burgen.
321 2084 543 2159 archiepiscopo
553 2086 670 2144 dedisse
682 2089 808 2145 tirmiter
817 2089 848 2145 in
859 2091 1007 2147 mandatis
1060 2105 1144 2161 papae
1170 2084 1398 2159 praedecessoris
1425 2084 1538 2153 nostri,
1565 2085 1750 2142 universitati
1779 2092 1889 2145 vestras

186 2177 219 2230 ut
232 2177 260 2228 te
272 2172 309 2228 ad
324 2172 387 2228 haec
399 2189 454 2246 per
464 2177 776 2234 excommunicationis
788 2180 966 2236 sententiam
975 2181 1007 2236 in
1061 2174 1257 2247 presentibus
1268 2173 1375 2229 litteris
1385 2171 1573 2246 indulgemus
1583 2176 1617 2228 ut
1627 2172 1651 2228 si
1663 2172 1737 2230 tales
1749 2177 1890 2232 canonici

186 2277 345 2334 personam
370 2267 399 2317 et
419 2262 568 2320 interdicti
584 2265 749 2335 interram,
766 2267 1007 2326 contradictionis
1061 2264 1327 2320 nullamrationem
1338 2263 1513 2318 canonicam
1524 2262 1890 2333 pretendentesnationa-

187 2350 344 2407 occasione
361 2357 389 2407 et
410 2353 611 2424 appellatione
632 2356 827 2426 cessantibus,
843 2358 1007 2416 monitione
1061 2352 1151 2409 bilius
1161 2351 1370 2424 dispositiones
1380 2350 1502 2422 capituli
1512 2350 1601 2407 vestri
1612 2352 1762 2408 communi
1770 2353 1889 2425 jndicio

187 2440 351 2512 praemissa,
367 2440 545 2513 compellere
560 2459 621 2498 non
635 2445 761 2502 omittat
1062 2441 1236 2509 celebratas,
1247 2457 1300 2512 pro
1316 2456 1349 2496 eo
1361 2439 1424 2496 salo
1439 2439 1519 2511 quod
1534 2445 1764 2511 praesentesnon
1774 2441 1891 2498 luerint

223 2529 340 2598 Datum,
357 2536 425 2599 ete,
441 2549 469 2587 ιιι
485 2531 607 2591 Kalend,
623 2535 712 2604 iunii,
728 2536 918 2607 pontificatus
937 2555 1008 2596 nos·
1062 2529 1271 2586 attentaverint
1283 2528 1458 2600 impugnare
1467 2528 1513 2584 vel
1523 2527 1789 2586 contradictionem
1800 2531 1888 2604 obje-

188 2618 226 2673 tri
241 2633 319 2674 anno
334 2620 441 2691 primo.
1062 2617 1157 2674 cerini
1169 2634 1176 2672 τ
1186 2633 1253 2674 cum
1265 2617 1335 2673 talia
1345 2617 1560 2686 tractabuntur,
1573 2617 1771 2689 objectionem
1782 2636 1889 2678 eorum

187 2708 235 2764 lili
247 2710 380 2779 scriptum
391 2714 523 2781 estsuper
541 2710 599 2766 boc.
1061 2706 1107 2762 vel
1121 2705 1365 2777 appellationem,
1377 2705 1401 2761 si
1412 2721 1500 2776 quam
1509 2705 1752 2778 interposuerint,
1763 2723 1891 2768 necesse

531 2827 660 2883 CCXLHI
1062 2811 1122 2850 non
1135 2793 1270 2850 habeatis
1281 2793 1438 2850 admittere
1450 2792 1495 2850 vel
1506 2794 1549 2850 eis
1560 2798 1707 2850 terrarum
1722 2802 1892 2856 vestrarum

663 2869 670 2885 '
1062 2883 1272 2955 preposituras
1292 2882 1488 2951 committere,
1514 2899 1589 2954 quas
1608 2882 1703 2940 balias
1727 2885 1892 2958 vulgariter

400 2957 527 2998 mm
546 2960 636 3000 ‘mm
650 2960 794 3003 mmm·
1063 2970 1230 3043 appellatis,
1247 2971 1298 3042 qui
1313 2971 1466 3027 noluerint
1482 2971 1512 3026 in
1528 2973 1666 3044 personis
1678 2975 1805 3047 propriis
1829 2979 1892 3034 mi-

189 3057 267 3123 Qood
280 3059 359 3114 licent
373 3059 384 3113 i
404 3061 428 3115 si
442 3065 579 3114 terrorum
593 3063 776 3131 quarumdam
790 3066 870 3132 timeo
880 3063 1007 3132 retinere,
1062 3060 1200 3116 nistrare.

349 3075 428 3187 sagio
443 3132 564 3201 capitulo
578 3135 695 3202 antiquo
709 3135 848 3204 pensione.

488 3245 519 3319 (u
534 3248 597 3303 Kal.
613 3248 715 3322 lunii.)

226 3360 315 3416 iustis
330 3362 508 3433 petentium,
524 3369 579 3418 etc.
594 3365 726 3436 usquead
752 3365 865 3420 verbum
893 3367 1009 3422 ellectu.

193 3450 278 3518 Sane,
295 3450 371 3505 sicut
385 3451 471 3507 nobis
486 3469 633 3524 exponere
645 3454 794 3522 curavisti,
807 3454 886 3510 idem
897 3457 1012 3527 priora-

192 3543 239 3594 tus
249 3543 317 3596 tuus
325 3539 458 3596 redditus
469 3541 662 3611 sufficientes,
678 3541 715 3598 de
728 3542 836 3615 quihus
847 3561 900 3615 qro
911 3543 968 3600 loci
982 3551 1012 3600 ct

190 3628 337 3699 prioratus
345 3628 652 3687 nominiscelebritate
661 3631 785 3688 honeste
793 3632 891 3688 valeas
900 3638 1012 3689 susten·

190 3716 257 3784 tari,
273 3733 333 3772 non
347 3717 445 3773 babet.
464 3719 644 3776 Vernmcum
656 3725 716 3776 tarn
727 3720 805 3793 apud
816 3721 910 3777 Corne
921 3738 1010 3793 quam

1024 3129 1049 3196 G
1100 3150 1205 3206 ilatum
1220 3151 1332 3218 Romae,
1348 3153 1416 3204 etc„
1433 3165 1481 3204 vin
1496 3149 1565 3206 Idus
1579 3149 1668 3211 lunii.

1415 3273 1539 3329 ccxlv.

1065 3377 1245 3418 cauruanina.
1266 3377 1433 3418 incursasse.
1463 3377 1496 3418 nr
1524 3379 1697 3420 niuconuua.
1718 3381 1749 3422 m
1775 3385 1883 3426 vicon-

1162 3467 1236 3506 anuv.
1256 3466 1403 3519 aviscorvs,
1422 3465 1455 3506 nr
1473 3467 1570 3506 aaran
1590 3468 1624 3508 oa
1641 3470 1789 3512 rnaocnes.

1068 3541 1101 3594 Ut
1117 3541 1196 3610 ejecti
1217 3555 1253 3594 ec
1278 3539 1396 3594 canobio
1420 3541 1546 3595 monenti
1565 3543 1595 3596 ia
1615 3544 1763 3613 pristinum
1788 3551 1890 3602 statum

1379 3630 1570 3684 restituantur.
1617 3621 1648 3670 ὓ

1290 3716 1413 3790 (llomae,
1429 3733 1457 3772 iu
1472 3718 1545 3773 Non.
1560 3717 1662 3792 lunii.)

190 3804 353 3859 llolernum
369 3810 399 3860 et
413 3806 527 3860 liuram
539 3807 642 3862 eadem
653 3807 785 3864 Ecclesia
799 3809 934 3880 quaedam
941 3811 1012 3882 jura
1101 3821 1182 3877 sieut
1197 3837 1232 3877 aa
1244 3837 1310 3893 qnae
1330 3838 1348 3877 a
1362 3821 1631 3893 predecessoribus
1645 3826 1756 3883 nostris
1768 3831 1893 3901 provida

190 3897 219 3948 et
237 3891 369 3948 redditus
384 3892 642 3960 habeat,videlicet
656 3895 812 3952 hominum
822 3902 853 3953 et
863 3902 1011 3954 terrarum
1064 3908 1185 3964 suerunt
1195 3909 1409 3965 deliberatione
1422 3911 1828 3974 siaiuiannllntenusinniten·
1838 3936 1892 3975 ve.

189 3997 255 4052 qua
270 3979 420 4036 voluntate
430 3981 537 4053 prioris
553 3987 582 4038 et
592 3983 711 4055 capituli
722 3984 831 4040 dantur
845 3986 882 4042 ad
894 3987 1011 4044 ilrmam
1065 3996 1164 4052 lnmns
1173 3996 1219 4052 vel
1229 3996 1361 4071 infringi,
1375 3996 1417 4053 sic
1432 4014 1498 4070 quas
1511 3998 1548 4054 ab
1560 3999 1603 4055 eis
1615 4007 1685 4057 sunt
1699 4019 1752 4075 per
1765 4005 1892 4080 subrep.

189 4069 1012 4142 etdefirmariistrequenteradaliosssrmariostransfe-
1065 4085 1894 4152 tionemobtentainhonestatisecclesiasticedetrimen·

189 4157 414 4226 runtur,deillis
426 4157 482 4230 ipsi
498 4159 637 4216 Ecclesiae
648 4161 765 4217 nullum
774 4163 909 4233 provenit
919 4164 1012 4220 incre·
1066 4179 1139 4240 tum,
1154 4175 1260 4247 corrigi
1270 4175 1405 4232 volumus
1417 4179 1446 4230 et
1458 4175 1488 4231 in
1498 4181 1608 4234 statum
1618 4179 1711 4253 redigi
1722 4182 1891 4242 meliorem.

189 4253 323 4303 mentum
336 4262 417 4318 ;quae
429 4247 454 4302 si
465 4247 542 4319 apud
553 4247 682 4320 aliquem
693 4254 836 4322 perpetuo
847 4251 1012 4309 residerent
1065 4264 1138 4318 enni
1161 4263 1252 4330 enim,
1270 4264 1345 4320 sicut
1368 4247 1547 4335 accepimns,
1573 4265 1604 4321 in
1624 4267 1818 4326 conventren.
1835 4274 1893 4329 Ec-

189 4336 269 4394 salva
279 4335 424 4409 pensione
434 4352 523 4408 quam
535 4337 698 4409 capitulum
708 4339 1010 4413 indeperciperecon·
1066 4351 1157 4408 clesia
1171 4350 1232 4407 iere
1245 4367 1261 4407 a
1276 4352 1373 4423 prima
1385 4352 1560 4410 fundatione
1575 4355 1748 4415 Christianae
1769 4359 1893 4434 religio·

189 4428 292 4495 suevit,
303 4428 424 4498 aliquod
435 4429 670 4486 emolumentum
680 4438 780 4503 posset
790 4432 895 4489 exinde
906 4451 1010 4505 prove·
1067 4439 1114 4494 nis
1129 4440 1159 4494 in
1174 4439 1278 4512 Anglia
1291 4440 1364 4496 ordo
1379 4441 1468 4497 luerit
1483 4443 1665 4500 monasticus
1681 4444 1845 4518 institutus,
1863 4457 1895 4508 et

189 4517 264 4572 nire.
277 4515 425 4572 Undenas
441 4523 499 4572 tam
511 4518 569 4573 tuis
584 4535 673 4590 quam
689 4520 826 4576 Ecclesiae
837 4527 894 4578 tuas
909 4524 1007 4578 volen-
1024 4499 1051 4564 D
1067 4527 1097 4582 in
1111 4532 1225 4584 tantum
1242 4529 1272 4582 in
1290 4544 1324 4583 ea
1339 4528 1844 4606 observantiaferbueritregularis,
1861 4547 1898 4596 ut

188 4613 233 4661 tes
245 4604 399 4660 intendere
416 4605 607 4662 incrementis
623 4608 759 4665 duximus
776 4612 963 4668 statuendum
978 4618 1010 4668 ut
1063 4616 1100 4672 ab
1116 4617 1284 4687 apostolica
1299 4617 1369 4672 sede
1385 4618 1563 4690 privilegiari
1573 4627 1602 4676 et
1614 4621 1652 4676 ab
1663 4621 1781 4694 inclytos
1791 4643 1895 4684 recor-

189 4693 335 4764 completo
351 4693 478 4749 termino
492 4711 594 4750 eorum
608 4698 657 4768 qui
669 4699 824 4770 praedictos
838 4699 970 4756 redditus
981 4705 1011 4756 et
1063 4703 1192 4760 dationis
1207 4705 1326 4777 regibus
1338 4706 1452 4780 Angliae
1467 4707 1562 4764 dotari
1576 4713 1719 4767 meruerit
1739 4719 1769 4768 et
1783 4715 1872 4772 ditari
1886 4736 1893 4785 ;

185 4783 255 4856 J'ura
269 4781 307 4838 ad
322 4783 438 4840 firmam
454 4785 563 4841 babere
577 4793 750 4858 noscuntur,
765 4789 844 4846 salva
866 4797 1010 4846 consueta
1064 4792 1200 4849 dolemus
1216 4793 1378 4867 plurimum
1394 4795 1476 4866 qund
1489 4796 1667 4856 venerabilis
1681 4799 1774 4858 irater
1787 4809 1894 4862 noster

188 4872 332 4944 pensione
345 4872 474 4944 capitulo
490 4873 546 4946 ipsi
561 4875 722 4944 reddenda,
739 4877 790 4933 tibi
801 4878 941 4949 etpriori,
958 4879 1008 4950 qui
1064 4880 1196 4938 cestren.
1213 4883 1381 4954 episcopus,
1397 4884 1554 4940 occasione
1569 4889 1765 4957 quarumdam
1777 4889 1894 4950 littera-

188 4978 241 5033 pro
258 4965 392 5034 tempore
407 4961 506 5032 tuerit,
523 4979 558 5018 ea
572 4963 661 5020 liceat
678 4965 827 5034 retinere;
852 4965 909 5021 nisi
932 4967 1008 5023 sorte
1062 4985 1129 5024 rum
1146 4986 1219 5040 quas
1234 4987 1251 5027 a
1265 4971 1351 5027 bonae
1363 4973 1513 5028 memorie
1524 4973 1676 5034 Clemente
1686 4995 1762 5051 papa
1772 4983 1892 5052 praede-

187 5048 320 5105 redditus
331 5049 387 5122 ipsi
400 5053 812 5124 tantumpermeliorationem
828 5056 1009 5112 accreverint
1062 5059 1332 5116 cessorenostroad
1341 5059 1888 5142 lalsamsuggestionem,sicutdicitur,

186 5144 218 5192 ut
230 5143 259 5194 et
274 5139 337 5211 ipse
352 5156 459 5196 census
473 5141 579 5198 debeat
600 5144 794 5217 augmentari.
815 5144 1007 5201 Decernimus
1062 5146 1239 5219 impetravit,
1253 5149 1377 5206 dilectos
1392 5149 1469 5206 illios
1479 5151 1513 5206 ll.
1530 5151 1660 5223 priorem
1672 5159 1888 5218 etconventum

186 5243 265 5301 ergo,
281 5233 337 5284 etc.
1061 5234 1097 5292 de
1108 5237 1214 5293 eodem
1230 5239 1410 5294 monasterio
1427 5237 1571 5294 violenter
1585 5241 1673 5313 ejecit
1688 5249 1716 5299 et
1726 5248 1888 5306 canonicos

220 5317 325 5374 ilatum
341 5336 359 5374 u
375 5319 497 5380 Kalend.
516 5320 605 5376 lunii.
1061 5325 1092 5380 in
1106 5341 1139 5381 eo
1154 5326 1283 5382 instituit
1307 5327 1475 5385 seculares.
1498 5328 1570 5384 Cum
1585 5328 1674 5404 igitur
1688 5333 1718 5388 id
1735 5333 1764 5390 in
1780 5351 1889 5396 mona-

1060 5414 1141 5470 sticae
1152 5415 1305 5488 religionis
1316 5415 1459 5488 injuriam
1472 5421 1501 5472 et
1512 5417 1602 5475 totius
1613 5419 1821 5481 ecclesiastica
1829 5427 1889 5484 dis·

1059 5503 1178 5574 ciplinae
1194 5503 1342 5562 redundet
1356 5505 1553 5577 opprobrium
1571 5513 1600 5563 et
1624 5511 1671 5566 vix
1695 5512 1815 5570 credere
1841 5533 1890 5573 va-

1059 5589 1175 5649 leamus
1204 5593 1283 5664 quod
1313 5593 1409 5650 dictus
1429 5594 1634 5667 predecessor
1669 5606 1771 5657 noster
1796 5609 1888 5662 tanta
