3948 6070
66 285 120 342 880
405 303 408 308 ·
582 283 835 344 resumemus
853 285 950 342 hatto
968 285 1019 356 111,
1038 285 1176 344 CHRISTI
1197 291 1275 344 1200.
1722 287 1774 354 800

66 411 147 483 apud
162 410 261 484 ipsum
276 410 344 484 (aa).
360 411 515 480 Ceterum,
531 410 662 470 volentes
671 412 702 468 in
710 411 825 469 cunctis
835 411 891 467 rite
906 415 934 480 Α
949 409 1463 487 buscircumstantihusimpossihile
1473 416 1772 488 videbatur,nobilem

66 499 429 573 procedera,injuuximus
440 501 467 556 ei
474 505 509 556 ut
518 500 761 573 superinductam
772 505 895 557 asetam
948 501 1044 558 virum
1060 502 1222 573 Nicolaum,
1238 504 1416 562 familiarem
1428 509 1578 578 suum,qui
1589 508 1635 564 bis
1646 510 1681 565 ad
1693 529 1771 583 prm·

66 587 334 660 carnaliterquam
349 588 485 646 localiter
499 596 661 662 separaret,
677 589 757 663 quod
772 595 802 646 et
814 589 895 658 lecit,
949 591 1076 649 sentiam
1083 597 1209 649 vestram
1216 595 1607 654 accessilinanimamsuam
1615 598 1733 670 publice
1736 602 1771 673 ju

66 679 303 751 proutexpedire
314 679 422 736 melius
431 679 594 749 videbatur,
606 680 792 752 firmiterque
802 680 833 735 in
844 695 896 736 au·
948 695 1014 734 rare
1026 679 1097 736 iecit
1110 681 1191 754 quod
1207 697 1282 752 eam,
1298 689 1332 738 ut
1345 685 1478 758 reginam
1490 686 1620 742 Franciae
1630 693 1659 742 et
1667 689 1773 761 conju-

68 767 343 836 dientiacmnium,
359 769 531 841 repromisit
546 768 627 842 quod
637 785 703 826 eam
711 785 767 832 nec
782 784 895 842 cogno·
947 784 1014 842 gem
1025 786 1121 839 suam,
1132 773 1251 828 tractari
1261 772 1350 830 iaciat
1360 774 1522 832 honorilice
1534 779 1564 831 et
1575 776 1686 848 absque
1692 777 1773 850 J'udi·

67 873 153 913 scere
166 856 273 913 debeat
286 857 458 927 neeridere,
474 858 568 916 donec
583 859 674 916 fuerit
687 859 796 932 reginae
809 874 896 932 nego·
948 857 993 914 cic
1008 859 1146 915 Ecclesiae
1157 877 1218 917 non
1230 861 1369 919 dimittet.
1385 867 1456 920 Post
1470 864 1533 920 hac
1548 880 1615 920 vero
1632 866 1773 922 solvimus

68 947 145 1002 tium
157 945 195 1002 ad
203 947 296 1003 linem
305 947 616 1022 deductumlnjmcm
631 952 730 1005 autem
742 947 799 1004 sibi
810 964 896 1004 man·
947 947 1154 1018 interdictum
1167 952 1418 1022 tantaquelmtitia
1428 957 1522 1009 totum
1533 970 1658 1027 regnum
1666 954 1774 1027 imple-

68 1036 150 1105 dato,
165 1042 199 1092 ut
211 1038 233 1091 l.
247 1037 381 1110 reginam
401 1038 557 1110 reciperet,
579 1054 644 1094 eam
660 1037 696 1093 de
711 1037 777 1093 loco
791 1037 821 1092 in
837 1052 894 1106 quo
947 1037 998 1106 vit,
1010 1041 1210 1110 quantamvis
1220 1057 1376 1112 possemus
1390 1042 1498 1098 litteris
1510 1043 1667 1114 explicare.
1680 1045 1774 1100 Bena-

66 1125 142 1180 olim
157 1129 289 1196 steterat,
302 1125 340 1182 ad
355 1127 505 1198 quoddam
520 1127 618 1200 regale
634 1131 775 1196 castrum,
791 1126 895 1182 videli-
947 1127 1351 1200 dicitursiquidemvohisab
1362 1132 1501 1188 omnibus
1511 1137 1540 1188 et
1550 1133 1654 1189 laudes
1670 1139 1772 1190 vestras

65 1219 116 1271 eet
130 1219 266 1271 sanctum
289 1214 512 1288 Lecdegarinm,
533 1216 584 1272 ubi
596 1216 705 1290 regina
720 1215 814 1289 magis
830 1230 894 1270 esse
949 1217 1162 1274 misericordia
1177 1225 1207 1275 et
1217 1220 1365 1292 judicium
1379 1221 1586 1292 decantantur,
1601 1239 1635 1279 eo
1649 1223 1728 1295 quod
1744 1224 1774 1279 in

65 1309 283 1360 consueverant
291 1304 328 1362 ab
340 1304 462 1378 antiquo
473 1309 503 1362 et
512 1305 543 1361 in
554 1321 612 1376 qno
621 1304 809 1379 regessolent
818 1303 894 1360 festa
948 1303 1025 1361 iacto
1040 1307 1148 1378 regina
1163 1313 1210 1366 est
1223 1309 1377 1366 observata
1399 1310 1519 1383 justitia
1533 1315 1563 1367 et
1575 1311 1607 1367 in
1624 1311 1773 1368 solutione

65 1392 246 1466 principalia
259 1393 421 1462 celebrare,
437 1395 579 1466 praecepit
590 1393 718 1462 adduci3
734 1393 813 1466 quod
828 1394 896 1465 qui·
946 1393 1097 1451 interdicti
1112 1396 1315 1455 misericordia
1338 1399 1503 1472 superfusa.
1530 1400 1580 1456 llis
1604 1401 1693 1474 igitur
1713 1403 1770 1458 rite

64 1483 136 1538 dem
161 1483 310 1555 precipue
322 1483 435 1539 lactum
451 1486 506 1552 est,
522 1484 593 1556 quia
617 1484 719 1557 ragina
733 1483 808 1555 ipsa,
824 1488 894 1538 tunc
946 1484 1084 1556 peractis,
1099 1485 1195 1542 torma
1209 1487 1341 1544 mandati
1356 1488 1444 1544 vestri
1464 1503 1517 1560 per
1540 1489 1642 1545 omnia
1664 1489 1771 1546 ohser-

64 1571 222 1644 temporis,
239 1575 303 1628 erat
316 1571 437 1628 inllrma
449 1571 539 1644 (sicut
550 1572 667 1629 oculata
681 1571 740 1628 llda
761 1578 893 1644 postmo·
947 1578 1022 1642 vata,
1040 1591 1119 1644 cum,
1142 1580 1211 1648 post
1228 1576 1399 1650 frequentes
1418 1569 1677 1647 commonitiones,
1707 1580 1773 1636 ani-

65 1662 141 1718 dum
151 1660 277 1717 vidimus
295 1677 329 1716 ac
342 1660 406 1734 ipsa
418 1665 523 1718 estora
535 1661 655 1734 proprio
666 1665 849 1733 protestata),
866 1663 895 1714 et
947 1678 1014 1718 mus
1037 1663 1115 1736 regis
1138 1665 1176 1720 ad
1187 1667 1343 1739 conjugem
1359 1681 1443 1723 suam
1459 1667 1649 1724 retinendam
1674 1668 1772 1724 nulla·

65 1750 148 1806 ultra
162 1754 223 1805 tres
237 1749 340 1805 diaetas
355 1748 448 1818 locus,
465 1749 495 1805 in
511 1766 569 1821 quo
584 1749 689 1818 luerat,
701 1766 719 1806 a
732 1747 893 1806 Parisiensi
948 1755 1036 1808 tenus
1048 1757 1149 1823 posset
1162 1753 1274 1824 induci,
1289 1760 1409 1828 recepta
1422 1755 1539 1828 publice
1555 1755 1591 1812 ab
1607 1773 1641 1814 eo
1657 1757 1773 1830 procla-

64 1840 185 1896 civitate
200 1837 338 1895 distabat.
356 1838 420 1909 Ubi,
437 1839 485 1895 die
499 1843 618 1908 statuta,
634 1839 826 1896 convenimus
838 1855 894 1894 nos
908 1803 934 1869 B
948 1840 1090 1910 mallone,
1106 1847 1139 1897 ut
1157 1842 1185 1898 ei
1195 1844 1343 1917 justitiam
1357 1845 1534 1915 laceremus,
1549 1847 1626 1902 sicut
1639 1846 1706 1915 sibi,
1720 1861 1775 1920 per

65 1933 98 1986 et
108 1929 172 2002 ipse
183 1944 217 1984 ac
231 1927 267 1985 de
281 1928 421 1985 mandato
435 1933 537 1985 nostro
548 1929 634 1985 multi
649 1929 781 2002 episcopi
797 1935 827 1984 et
838 1928 892 1985 ab·
944 1928 1059 1986 litteras
1085 1933 1264 2004 apostolicas
1292 1938 1323 1990 et
1353 1951 1423 1992 suos
1451 1934 1597 2007 nuntios,
1630 1935 1774 2008 promise·

64 2019 162 2088 bates,
181 2017 215 2075 ut
235 2018 353 2091 publice
377 2019 543 2075 laceremus
563 2018 891 2075 omniaconvenerunt.
944 2019 1028 2088 ratis,
1056 2021 1266 2093 respondimus
1294 2023 1384 2096 quod,
1409 2024 1496 2096 juxta
1520 2024 1695 2082 mandatum
1724 2039 1774 2081 ve-

62 2108 219 2181 Praecipue
231 2113 331 2164 autem
344 2107 413 2164 illos
428 2108 583 2182 episcopos
598 2109 832 2178 convocavimus,
842 2107 893 2180 qui
946 2113 1052 2176 strum,
1079 2109 1135 2166 sibi
1159 2111 1309 2183 justitiam
1336 2112 1525 2170 laceremus.
1555 2114 1705 2185 Cumque,
1735 2113 1771 2170 de

62 2197 103 2252 ab
128 2196 214 2252 initio
233 2196 383 2254 interdicti
408 2197 588 2254 sententiam
612 2203 813 2265 servaverunt,
843 2196 893 2268 qui
945 2197 1011 2254 loco
1025 2197 1062 2255 ad
1072 2215 1192 2256 causam
1205 2200 1436 2259 examinandam
1450 2207 1592 2258 tractatus
1608 2202 1773 2258 communi·

63 2301 171 2342 omnes
193 2285 404 2355 interfuerunt,
428 2292 538 2358 praeter
562 2286 637 2343 duos
652 2287 703 2359 qui
718 2284 893 2360 aegritudine
947 2289 992 2342 ter
1006 2287 1176 2358 haberetur,
1193 2289 1290 2347 noluit
1303 2291 1407 2364 regina
1420 2290 1484 2363 ipsa
1499 2289 1577 2363 apud
1598 2290 1774 2363 Lugdunum

64 2374 253 2431 laborabant.
265 2375 442 2444 Verum,nos
456 2375 591 2448 reginam
601 2375 697 2447 ipsam
707 2375 895 2431 familiariter
946 2377 991 2432 vel
1006 2377 1209 2448 Camaracum,
1225 2381 1345 2436 tractari
1364 2380 1528 2454 negotium,
1543 2379 1657 2450 dicens,
1682 2379 1774 2452 quod,

65 2463 224 2533 adeuntes,
235 2463 361 2520 salutata
371 2479 449 2520 eaex
460 2469 543 2536 parte
553 2471 650 2520 vestra
660 2471 690 2520 et
703 2463 810 2519 litteris
823 2480 893 2536 apo·
946 2470 1069 2537 propter
1083 2465 1246 2538 querelam,
1267 2483 1358 2538 quam
1379 2467 1471 2523 irater
1494 2483 1566 2524 snus
1590 2467 1681 2524 hahet
1706 2484 1774 2524 cum

67 2552 182 2609 stolicis
198 2553 395 2626 presentata,
417 2551 649 2609 sollicitudinem
674 2569 763 2624 quam
786 2553 819 2609 in
842 2569 894 2609 suo
946 2554 1125 2623 Teutonicis,
1150 2555 1322 2612 defensores
1347 2557 1412 2629 ejus
1433 2555 1471 2612 ad
1492 2555 1558 2612 loca
1570 2557 1635 2628 ipsa
1650 2561 1711 2612 tute
1725 2571 1775 2611 ve-

67 2641 203 2714 gessistis
215 2641 333 2716 negotio
349 2640 516 2698 curavimus
526 2640 685 2716 diligenter
699 2657 857 2714 exponere,
867 2645 897 2697 et
947 2642 1013 2698 nire
1026 2658 1061 2698 ac
1083 2641 1194 2699 ibidem
1208 2645 1317 2700 morari
1333 2661 1394 2702 non
1408 2650 1540 2717 possent.
1556 2644 1778 2715 Tandem,iacta

68 2730 262 2803 qualiterpro
273 2731 366 2802 ipsius
382 2734 500 2803 negotio
511 2731 674 2787 honorilice
687 2747 896 2788 consumman-
948 2732 1110 2789 multorum
1121 2733 1326 2790 nominatione
1337 2734 1481 2805 locorum,
1497 2735 1599 2808 regina
1614 2735 1689 2808 ipsa,
1705 2751 1774 2792 con·

67 2821 118 2887 do,
131 2825 246 2876 tantum
257 2819 389 2876 lahorem
400 2819 653 2893 subierimus,per
662 2819 798 2876 ordinem
809 2836 895 2877 enar·
948 2821 1076 2878 siderate
1104 2823 1262 2878 securitate
1290 2839 1423 2895 sucrum,
1448 2824 1537 2897 elegit
1567 2829 1599 2880 ut
1627 2823 1772 2880 discussio

68 2925 148 2966 rare.
173 2909 206 2964 ln
231 2909 394 2966 crastinum
418 2925 486 2965 vero
510 2927 579 2966 cum
594 2915 654 2966 tam
669 2927 725 2967 nos
740 2925 829 2981 quam
844 2927 896 2966 rex
948 2927 1045 2968 causae
1054 2910 1132 2985 apud
1144 2912 1388 2970 suessionensem
1398 2913 1483 2969 lieret
1492 2913 1650 2982 civitatem,
1667 2913 1697 2970 in
1714 2929 1772 2985 quo

67 2999 133 3070 ipse
149 3015 184 3055 ac
199 2999 312 3071 praelati
327 3000 536 3068 Ecclesiamm,
553 3000 722 3074 congregati
735 2999 896 3057 fuissemus
948 3001 1050 3072 utique
1067 3016 1119 3057 rex
1138 3001 1305 3060 voluntarie
1319 3002 1518 3059 concordavit
1534 3003 1660 3076 lnsuper
1673 3009 1773 3060 autem

67 3087 100 3144 in
115 3104 218 3158 unum,
235 3089 308 3146 adeo
316 3105 417 3163 regem
427 3089 600 3146 induximus
610 3088 700 3162 quod,
716 3107 784 3148 cunr
795 3089 897 3146 nobis·
945 3089 1032 3163 juxta
1041 3089 1476 3161 mandatumvestrum,illustri
1486 3091 1547 3165 regi
1557 3092 1775 3164 llancruml5t)

68 3195 140 3234 cum
151 3183 259 3234 etcum
271 3177 566 3236 iratreBemardode
577 3180 697 3249 Vicena,
712 3179 750 3236 ad
762 3180 895 3254 reginam
910 3179 936 3245 G
949 3183 979 3235 et
998 3179 1160 3237 venerabili
1181 3180 1265 3237 tratri
1290 3179 1439 3238 lundensi
1454 3179 1680 3254 archiepiscopo
1704 3183 1772 3254 (bd),

67 3268 195 3326 accessit
209 3267 366 3341 ipsamque
375 3269 432 3326 init
442 3268 553 3326 diutius
568 3269 724 3326 allocutus.
741 3269 824 3335 Quod
835 3270 894 3326 uti·
950 3268 1127 3341 apostolicas
1137 3270 1252 3328 litteras
1268 3275 1298 3327 et
1312 3275 1429 3328 nostras
1452 3269 1604 3326 citatorias
1628 3269 1775 3339 misimus,

68 3374 127 3430 que
137 3357 215 3429 apud
225 3358 538 3429 omnesquiduritiam
548 3359 640 3415 animi
654 3359 895 3432 regalisagnove·
949 3363 983 3414 ut
994 3357 1031 3414 ad
1047 3359 1189 3416 tuendam
1210 3360 1353 3434 reginam,
1378 3359 1500 3415 veniant
1517 3359 1563 3414 vel
1592 3357 1775 3414 sufficientes

69 3451 149 3516 rant,
162 3446 257 3503 visum
274 3454 320 3503 est
333 3446 417 3503 valde
434 3447 582 3517 mirabile,
605 3447 684 3520 quod
708 3463 840 3520 unquam
859 3448 896 3505 ad
949 3447 1072 3506 mittant
1084 3449 1287 3518 nuntios,cum
1299 3448 1437 3504 omnibus
1451 3465 1516 3520 quar
1529 3464 1626 3504 causas
1637 3448 1776 3520 expedire

69 3552 138 3592 eam
152 3534 309 3592 ridendam
320 3553 372 3592 rex
384 3541 485 3608 posset
499 3535 610 3605 induci,
627 3536 662 3592 de
674 3553 732 3609 qua
743 3552 897 3608 nunquam
950 3545 1125 3607 noscuntur,
1141 3543 1201 3594 tam
1217 3555 1252 3593 cx
1267 3543 1350 3611 parte
1365 3543 1462 3593 vestra
1472 3553 1562 3609 quam
1581 3537 1659 3610 regis
1680 3537 1775 3592 Fran-

69 3625 128 3681 luit
140 3641 230 3680 ausus
240 3625 349 3697 aliquis
360 3625 387 3680 ei
397 3625 519 3682 verbum
529 3642 696 3698 proponere
711 3628 740 3682 et
755 3642 844 3698 quam
860 3625 896 3682 ab
950 3644 1065 3696 corum,
1076 3643 1208 3700 persnas
1218 3627 1332 3683 litteras
1343 3627 1432 3700 plena
1446 3612 1604 3684 securitate
1620 3627 1775 3699 promissa.

69 3715 124 3770 illa
139 3714 186 3772 die
202 3730 262 3771 non
286 3715 408 3785 viderat,
432 3714 462 3769 in
478 3731 537 3786 qua
550 3713 661 3770 lactum
679 3720 724 3771 est
739 3715 896 3772 divortium
950 3721 1018 3792 lpsa
1032 3735 1151 3792 quoque
1165 3719 1278 3793 regina,
1304 3718 1341 3774 ad
1353 3719 1476 3774 fratrem
1492 3733 1579 3774 suum
1594 3721 1624 3772 et
1639 3716 1777 3774 Lunden·

69 3804 150 3860 inter
164 3803 255 3876 ipsos.
271 3802 425 3860 Postillud
435 3807 535 3859 autem
545 3802 691 3859 familiare
702 3803 895 3876 colloquium,
952 3825 1015 3865 sem
1041 3808 1308 3883 archiepiscopum,
1339 3807 1499 3880 quemdam
1524 3821 1610 3862 suum
1636 3805 1778 3863 clericum

69 3894 102 3949 in
115 3893 324 3950 consistorium
336 3898 489 3961 exeuntes,
506 3893 557 3948 ubi
571 3899 635 3949 erat
649 3893 766 3950 inlinita
781 3893 852 3950 cleri
867 3897 898 3949 et
951 3915 1019 3954 cum
1034 3897 1096 3954 suis
1110 3897 1217 3953 litteris
1228 3896 1396 3952 destinarit.
1419 3894 1638 3965 venerabilem,
1654 3895 1777 3965 etenim,

69 3983 172 4056 populi
184 3981 491 4056 multitud0,reginam
507 3981 643 4038 eamdem
657 3982 897 4056 atrihusepiscc·
950 3987 1073 4044 tratrem
1084 3992 1220 4043 nostrum
1234 3988 1258 4042 l.
1275 3984 1355 4042 tituli
1370 3985 1483 4041 Sancta
1502 3984 1609 4040 Prisca
1624 3985 1778 4058 presbyte-

70 4072 117 4145 pis
127 4070 253 4130 fecimus
268 4073 497 4130 honoriticentia
510 4071 603 4146 regali
619 4071 743 4141 deduci;
759 4071 896 4145 lacteque
950 4093 1017 4134 rum
1044 4076 1237 4144 cardinalem,
1262 4074 1433 4148 apostolica
1459 4073 1538 4130 sedis
1561 4073 1690 4147 legatum
1709 4077 1777 4145 (ab),

70 4161 224 4232 mandato,
250 4168 282 4219 ut
303 4179 369 4220 eam
393 4180 455 4233 rex,
473 4167 616 4235 tanquam
633 4179 755 4219 uxorem
771 4179 854 4219 suam
868 4167 898 4219 et
951 4166 1139 4240 conjudicem
1154 4171 1288 4222 nostrum
1310 4169 1444 4237 tempora
1456 4163 1647 4235 competenti,
1661 4163 1776 4220 sollici-

70 4253 203 4307 Francia
216 4253 349 4325 reginam
365 4253 511 4325 reciperet
521 4259 550 4308 et
559 4253 722 4309 honorilice
730 4257 895 4325 pertracta·
950 4262 1014 4312 tare
1034 4255 1214 4324 curabimus,
1230 4259 1263 4310 ut
1278 4252 1316 4310 ad
1330 4253 1429 4310 locum
1442 4257 1472 4307 et
1485 4251 1646 4307 terminum
1657 4252 1778 4307 accedat

70 4343 127 4406 ret,
139 4339 326 4411 recepiteam
337 4340 531 4414 publieeltitl,
542 4347 571 4398 et
581 4341 650 4397 huic
660 4341 812 4412 mandato,
827 4342 897 4399 licet
952 4345 1100 4402 eumdem.
1115 4344 1195 4400 Licet
1209 4347 1308 4400 autem
1322 4341 1360 4400 ad
1379 4357 1522 4413 praesens,
1539 4357 1591 4396 rex
1615 4339 1678 4411 ipse
1694 4339 1777 4395 adid

72 4428 193 4498 invitus,
210 4446 243 4486 ac
255 4431 394 4487 omnibus
409 4430 477 4488 aliis
491 4431 640 4488 mandatis
650 4431 755 4488 restris
766 4447 797 4488 se
812 4433 896 4504 pari·
952 4435 1032 4506 quod
1044 4431 1229 4489 intendimus
1238 4430 1410 4487 nullatenus
1420 4444 1508 4500 posse
1518 4428 1653 4484 videatur
1663 4426 1776 4496 induci,

72 4523 172 4575 turum
196 4517 322 4576 tirmiter
338 4519 518 4593 repromisit.
542 4521 689 4582 Praeterea
709 4519 747 4576 ad
771 4520 895 4576 multam
912 4563 939 4630 D
955 4539 1016 4581 non
1026 4528 1216 4592 tamenaspe
1224 4521 1304 4576 bona
1312 4533 1526 4592 usquequaque
1537 4516 1714 4586 recedimus,
1725 4517 1777 4574 sed

72 4625 195 4682 precum
205 4613 375 4665 nostrarum
385 4609 569 4681 instantiam,
582 4609 661 4682 quod
671 4609 757 4667 nohis
768 4610 894 4666 etomni·
955 4625 1120 4684 speramus,
1134 4607 1214 4681 quod
1229 4607 1254 4663 is
1269 4606 1300 4662 in
1319 4605 1404 4679 cujus
1418 4620 1510 4662 manu
1524 4611 1594 4662 sunt
1616 4607 1707 4664 corda
1729 4619 1775 4664 re·

74 4861 125 4916 siaa
139 4857 324 4915 parisiensis.
341 4861 422 4916 Tom.
436 4861 472 4928 ll,
488 4877 516 4932 p.
533 4863 595 4916 211.
952 4860 1053 4932 (quem
1069 4873 1128 4914 una
1141 4873 1208 4912 oum
1223 4856 1395 4934 episcopatu
1405 4856 1777 4932 Botachildenseperqua·

108 4933 165 5004 (52)
181 4931 369 5002 Privilagium
384 4931 477 4998 aliud,
488 4939 560 4988 tunc
574 4931 712 5005 episcopo
737 4933 898 4989 Parisiensi
952 4930 1117 4988 tuordacim
1132 4945 1238 4996 annos,
1254 4928 1388 5000 retinuit)
1400 4927 1688 5002 archiepiscopatum
1703 4947 1776 4988 eve-

74 5019 258 5071 coucessum,
271 5003 397 5060 babetur
409 5002 498 5060 etiam
511 5003 632 5060 ibidem.
647 5007 709 5060 boc.
726 5005 772 5060 cit.
952 5009 1028 5070 ctus,
1053 5001 1123 5056 huic
1146 4999 1382 5071 metropolitanae
1407 4998 1481 5070 sedi,
1504 5017 1597 5072 usque
1611 5003 1649 5058 ad
1663 5019 1776 5058 annum

109 5075 164 5148 (53)
189 5076 311 5131 Factum
335 5079 380 5131 est
402 5073 434 5130 in
458 5075 557 5148 vigilia
578 5075 741 5132 Nativitatis
756 5077 787 5131 B.
801 5075 897 5132 llarim
953 5077 1032 5141 1201,
1049 5089 1107 5145 quo
1122 5072 1278 5129 defunctus
1303 5077 1358 5142 est,
1374 5070 1502 5143 prmiuit.
1520 5073 1579 5138 Vir,
1604 5073 1635 5128 in
1659 5073 1775 5129 bellicis

76 5147 125 5202 Vir
144 5147 211 5202 inis.
228 5149 295 5217 llog.
312 5147 345 5202 dc
358 5147 459 5202 llocad.
478 5163 506 5218 p.
523 5149 586 5202 810.
952 5143 1091 5202 simulac
1105 5143 1136 5198 in
1152 5143 1362 5200 ecclesiasticis
1376 5143 1476 5214 rebus,
1479 5143 1565 5217 juxta
1574 5142 1691 5200 habitos
1703 5150 1774 5199 tunc

110 5163 166 5290 (11)
181 5219 328 5275 Canutum
343 5219 388 5286 Vl,
404 5217 571 5292 inseburgis
584 5217 714 5274 5mtrem.
952 5215 1094 5289 temporis
1109 5215 1141 5271 in
1154 5214 1325 5289 regionibus
1340 5213 1400 5270 illis
1414 5229 1523 5286 mores,
1544 5213 1641 5272 clarus
1656 5232 1690 5273 ac
1705 5215 1775 5271 illc-

109 5292 252 5361 (55111111
280 5289 305 5346 is
331 5289 544 5347 celeberrimus
570 5290 648 5347 aud
677 5291 784 5356 banos,
813 5289 897 5358 Axel,
952 5289 1032 5346 stris.

74 5359 169 5431 vulgo,
198 5360 277 5434 apud
305 5360 473 5430 historicos,
501 5307 652 5430 Absalcm
674 5361 848 5417 Valdemarc
873 5363 896 5431 l,
987 5354 1683 5486 (βέ101111111031101111101111111111,111
1705 5356 1776 5442 illu-

75 5447 141 5488 cum
157 5448 214 5502 quo
229 5433 371 5489 educatus
385 5433 491 5502 iuerat,
506 5434 661 5489 etCanuto
677 5431 896 5500 Vl,Valdemari
953 5437 1006 5488 strr
1042 5431 1264 5487 clumnensrum
1285 5428 1408 5496 iamrlm,
1432 5428 1510 5484 1111111
1534 5429 1648 5487 Sanctae
1667 5432 1774 5488 Prisca)

76 5502 147 5571 lilio,
163 5503 312 5560 Bonorum
337 5505 467 5577 regibus,
491 5505 647 5561 familiaris
671 5509 700 5559 et
723 5504 895 5575 percharus.
952 5501 1107 5577 presbyter
1121 5502 1325 5629 cardinalippa
1338 5499 1497 5557 Caelestino
1510 5501 1564 5556 ΡΡ.
1577 5503 1625 5572 111,
1641 5517 1689 5560 an.
1707 5504 1775 5558 1192

76 5573 128 5639 Qui
153 5574 190 5630 ad
213 5575 470 5632 Rotschildenseru
486 5576 699 5650 episcopatum,
715 5591 794 5632 anno
816 5577 894 5644 1158,
952 5574 1093 5643 1111193,
1113 5571 1220 5632 deinde
1246 5575 1263 5630 S
1303 5569 1416 5628 inensis
1438 5573 1604 5646 episcopus,
1627 5575 1664 5632 ab
1685 5576 1775 5632 luno

77 5645 205 5716 electus,
220 5645 338 5719 deinde,
353 5647 456 5721 viginti
468 5653 536 5721 post
550 5645 695 5721 annos,ad
709 5644 896 5705 lundensem
952 5645 1050 5705 centio
1064 5645 1119 5702 ΡΡ.
1135 5645 1184 5716 111,
1201 5660 1249 5704 an.
1267 5644 1345 5713 1103,
1361 5644 1561 5704 renuntiatus.
