3952 6062
175 309 229 370 439

174 529 375 604 appellatione
389 536 513 602 remota,
534 532 611 589 siout
624 532 739 605 justum
753 531 853 600 fuerit,
868 528 1001 602 compel-

175 619 254 676 latis.
271 619 354 685 Quod
368 620 444 676 citra
457 621 631 678 mandatum
649 628 786 678 nostrum
800 619 923 677 deberet
936 618 1003 676 effl-

173 723 251 777 cere,
267 708 292 764 sl
307 708 417 765 famam
433 725 518 767 suam
537 710 626 768 vellet
640 727 757 768 servare
772 709 850 782 apud
864 708 1001 766 homines

171 795 318 853 illibatam
334 813 341 864 ;
357 814 394 853 ne
408 797 490 854 luda
505 804 607 856 notam
622 800 751 856 sinistra
766 798 945 872 suspicionis
955 797 1001 852 in·

171 889 313 954 curreret,
327 884 406 942 unde
421 887 498 944 facta
517 903 571 944 sua
585 888 674 944 vellet
696 887 837 945 fratribus
862 891 891 942 et
913 885 1002 942 sociis

173 973 335 1031 occultare.

210 1063 328 1132 Datum,
344 1069 375 1118 ut
388 1080 482 1136 snpra.

485 1171 690 1228 CCCCLXllIV.

420 1283 588 1340 sncnrssrso,
606 1285 758 1328 aanmrsrc.

177 1367 211 1421 Ut
225 1367 258 1422 de
268 1369 459 1439 personatibus
472 1385 523 1440 pro
538 1385 588 1425 suo
608 1371 747 1426 voluntate
758 1370 887 1426 ordinare
908 1369 1002 1440 possit.

437 1458 567 1531 (llatum,
588 1461 742 1532 utsupra.)

209 1562 282 1618 Cum
297 1563 446 1621 arelaten.
463 1565 602 1622 Ecclesia
617 1571 794 1638 personatus
804 1564 1004 1639 predecesso-

175 1668 223 1708 res
239 1652 281 1708 tui
305 1652 445 1710 dicantur
466 1655 502 1710 de
517 1655 699 1727 pontificalis
711 1671 823 1711 mensae
838 1652 1006 1710 redditibus

178 1741 327 1810 statuisse,
338 1758 433 1814 usque
442 1743 479 1801 ad
494 1749 630 1816 tempora
639 1744 696 1801 ista
710 1743 857 1800 ordinatio
871 1743 1004 1814 ipsorum

674 312 876 372 innocuum
893 310 933 367 111
951 311 1007 368 ΡΡ.
1027 309 1261 369 suessionen
1283 307 1349 366 tls.
1369 309 1383 366 1

174 441 312 500 situmad
323 440 998 514 premissamconsuetudinemobservandam,
1012 444 1043 512 Α

1365 456 1571 514 cccclxxvi

1268 561 1419 603 samaras.
1444 561 1667 604 uncmsrrsooro.

1179 637 1214 692 Ut
1226 637 1418 692 monasterinm
1434 637 1463 692 S.
1480 637 1603 694 Geroosii
1617 639 1761 696 tenores.

1141 755 1147 766 ·
1234 725 1392 798 (Laterani,
1408 741 1434 782 iv
1448 724 1490 784 ld.
1510 725 1705 799 Decembris.)

1092 824 1167 897 (212)
1183 823 1305 880 Grarem
1320 822 1437 896 lapsum
1451 823 1626 881 monasterii
1640 825 1740 881 Sancti
1754 823 1888 882 Gervasii

1057 911 1094 969 de
1104 913 1159 968 Eos
1176 915 1278 968 nostro
1292 909 1410 968 novaris
1424 909 1602 983 apostolatui
1615 917 1790 980 reseratum,
1805 909 1889 982 quod

1057 1017 1127 1058 cum
1136 999 1721 1073 collegiumipsinspropterinsolentiam
1729 999 1893 1056 monacho·

1057 1107 1124 1146 rum
1140 1090 1176 1146 ad
1191 1088 1342 1144 binarium
1357 1088 1396 1144 sit
1414 1088 1579 1158 redactum,
1595 1089 1653 1145 duo
1669 1089 1820 1157 monachi,
1836 1087 1890 1160 qui

1058 1177 1529 1252 supersunt‚Deitimoreprorsus
1538 1177 1664 1251 abjecto,
1676 1183 1890 1250 nontauquam

1058 1269 1089 1326 in
1098 1268 1290 1336 monasterio,
1303 1267 1479 1324 sedvelutin
1488 1267 1653 1340 prostibulo
1662 1267 1890 1340 impudicecnm

1058 1357 1173 1415 duabus
1188 1356 1364 1412 mulieribus
1374 1361 1608 1424 conversantem
1623 1356 1660 1413 de
1676 1373 1803 1429 quorum
1815 1371 1890 1412 con·

1059 1446 1224 1503 versatione
1246 1445 1382 1518 religioni
1405 1445 1549 1502 detractio
1570 1445 1668 1502 evenit
1688 1447 1717 1502 et
1731 1444 1763 1501 in
1775 1444 1891 1518 populo

1059 1549 1145 1608 grave
1158 1533 1332 1591 scandalum
1344 1538 1504 1608 generatur
1515 1551 1522 1604 3
1546 1539 1575 1590 et
1589 1550 1657 1591 cum
1670 1533 1891 1591 monasterium

1059 1625 1158 1697 ipsum
1173 1623 1210 1680 de
1218 1622 1384 1680 redditibus
1396 1627 1426 1679 et
1435 1623 1674 1696 possessionibus
1689 1623 1893 1696 archiepisco·

1060 1713 1137 1786 palis
1149 1729 1261 1769 mensas
1275 1711 1433 1769 fundatum
1446 1713 1485 1768 sit
1498 1717 1529 1768 et
1541 1712 1680 1781 ditatum,
1691 1712 1824 1769 debitam
1836 1712 1893 1767 tibi

177 1829 213 1885 ad
224 1831 391 1902 pontifices,
403 1833 454 1903 qui
468 1831 590 1888 suerunt
599 1837 804 1905 protempom
816 1833 892 1888 sicu,
902 1835 1004 1887 nostro
1019 1815 1047 1881 Β
1060 1801 1338 1859 obedientiamdicti
1345 1801 1482 1857 monachi
1494 1801 1641 1874 denegant
1649 1801 1805 1870 exhibere;
1817 1801 1893 1873 quin

89 1917 94 1944 ⁸
175 1923 222 1974 est
232 1919 410 1990 apostolatui
420 1921 1005 1993 reseratum,noscitnrspectavisse.Cum

176 2013 278 2063 antem
288 2023 446 2079 personam
455 2013 537 2066 tuam
546 2009 663 2066 sincera
670 2009 829 2082 diligamns
837 2010 869 2064 in
880 2008 1004 2064 llomino

175 2096 328 2164 charitate,
345 2113 401 2152 neo
410 2097 535 2154 velimus
548 2098 732 2170 pontificalia
741 2097 878 2171 juratuis
888 2102 1005 2170 tempo·

173 2185 257 2242 ribus
271 2185 367 2241 minui
379 2185 431 2242 sed
445 2187 547 2254 augeri
559 2204 567 2254 ς
580 2187 659 2244 utde
665 2187 729 2259 jorn
743 2186 1005 2258 dictispersonati-

174 2275 241 2344 bns,
258 2276 335 2332 sicut
349 2282 378 2332 et
392 2276 627 2348 predecessores
638 2278 680 2334 tui
694 2277 758 2334 siue
769 2277 1003 2333 contradictione

176 2363 497 2436 qualibetbabuerunt,
513 2365 639 2424 liberam
655 2365 950 2437 babeaspotestatem
962 2381 1006 2422 se-

176 2453 308 2509 cundnm
314 2455 407 2510 Deum
418 2453 793 2526 etprolectnmcommissoe
801 2455 856 2511 tibi
865 2453 1004 2511 Ecclesia

176 2541 347 2610 ordinandi,
363 2543 563 2614 appellatione
578 2544 766 2602 frustratoria
781 2543 1004 2612 nonobstante,

175 2628 355 2687 fraternitati
370 2635 428 2688 tuas
455 2635 630 2691 auctoritate
653 2634 847 2707 presentium
869 2633 1006 2707 indulge·

170 2733 254 2774 mus.
270 2717 350 2773 Nulli
364 2735 444 2792 ergo,
461 2724 517 2776 etc.

212 2807 329 2876 batum,
345 2813 482 2879 utsupra.

495 2917 687 2974 CGCCLXXV.

177 3025 334 3068 PRAEPOSi'l'O
354 3029 377 3070 8.
403 3027 520 3070 JOANMS
538 3030 573 3071 DE
597 3029 731 3072 alunnum
755 3029 876 3080 EJUSQU!
895 3031 1006 3071 msul-

213 3115 265 3155 BUS
282 3117 337 3157 ΤΑΙ
356 3115 545 3160 PEAEEENTIEUS
564 3121 640 3167 QUAE
658 3119 771 3161 tubunis
789 3119 928 3161 canonicis
944 3120 1006 3161 SUB·

216 3203 369 3246 sanantibus
388 3207 416 3246 ΙΝ
433 3207 602 3248 ΡΕΕΡΕἨΙΝΙ.

285 3287 415 3360 :Suscipit
429 3305 471 3346 eos
483 3289 533 3346 snb
544 3291 713 3362 protectione
727 3291 897 3362 apostolica.

351 3385 496 3459 (Laterani
513 3405 581 3444 xvrn
595 3387 658 3446 Kal.
678 3389 832 3457 ianuarii.)

214 3493 445 3568 Ellectnmjusta
453 3497 685 3570 postulantibus,
698 3503 753 3554 etc.
765 3498 1007 3570 usqaoodnerbum

179 3582 353 3653 annuimus,
365 3589 394 3640 et
403 3585 557 3656 praefatam
568 3585 958 3644 ecclesiamSanctiloanuis
969 3585 1006 3642 de

178 3671 325 3728 cimiterio
341 3673 372 3728 in
388 3675 509 3745 Papien.
527 3674 670 3732 suburbio
681 3676 781 3745 sitam,
797 3677 896 3748 inqua
910 3674 1008 3732 divino

181 3760 342 3832 mancipati
353 3761 424 3817 estis
434 3761 633 3836 obsequio,ad
645 3764 798 3837 exemplar
806 3764 902 3821 felicis
910 3780 1009 3821 recor-

180 3847 309 3904 dationis
325 3849 406 3905 Lucii
419 3867 502 3922 papas
514 3852 741 3923 predecessoris
757 3853 851 3911 nostri
862 3852 916 3908 sub
930 3850 1010 3908 beati

179 3937 259 3994 Petri
274 3942 304 3992 et
318 3943 420 3995 nostra
432 3941 616 4011 protectione
631 3941 822 4016 suscipimus,
839 3948 1005 4014 etprrasen·

180 4011 219 4082 lis
229 4025 331 4099 scripti
341 4027 686 4101 paginacommnnimus.
701 4033 879 4100 statuentes,
891 4035 1009 4099 etams-

181 4131 233 4186 pue
248 4115 285 4170 ud
298 4116 409 4170 verbam
423 4116 585 4175 vocabulis.
602 4117 711 4174 Locum
720 4120 818 4191 ipsam
829 4119 860 4174 in
871 4131 929 4192 quo
939 4135 1012 4191 pras·

1060 1892 1158 1964 potius
1171 1891 1261 1947 etiam
1276 1889 1416 1946 adversus
1436 1891 1520 1946 liam.
1536 1889 1699 1948 Ecclesiam
1714 1889 1894 1947 calcaneum

1059 1981 1217 2053 erigentes,
1228 1978 1404 2036 interdictos
1410 1979 1716 2037 etexcommnnicatos
1721 1980 1835 2053 passim
1842 1996 1893 2035 re·

1059 2069 1174 2141 cipiunt
1187 2068 1225 2124 ad
1244 2068 1353 2137 divina,
1368 2067 1517 2124 defunctis
1532 2069 1564 2124 in
1579 2069 1892 2126 excommunicatione

1059 2157 1894 2230 sepulturametiamimpendentes:propterquodinpar-

1058 2249 1138 2304 tibus
1144 2247 1204 2304 illis
1215 2247 1895 2322 etcontemptibileshabentursententiaeprae-

1058 2338 1188 2395 latorum
1203 2341 1232 2392 et
1240 2335 1359 2409 justitia
1372 2336 1492 2408 penitus
1508 2353 1569 2394 non
1580 2343 1723 2394 servatur.
1740 2338 1814 2394 Cum
1832 2353 1893 2394 au-

1058 2425 1158 2484 tamin
1168 2425 1248 2482 dicto
1259 2426 1440 2482 monasterio
1451 2431 1481 2481 et
1486 2426 1538 2498 jus
1546 2425 1658 2483 babeas
1670 2431 1897 2498 patronatus,et

1058 2515 1124 2588 lege
1132 2513 1186 2570 tibi
1199 2513 1413 2572 sitdioecesana
1423 2514 1590 2586 subjectum
1606 2514 1697 2576 (unde
1707 2515 1802 2587 ipsios
1813 2531 1897 2571 com-

1058 2603 1155 2662 modis
1171 2609 1200 2659 et
1214 2602 1395 2676 profectibus
1410 2603 1501 2660 debes
1515 2603 1693 2677 propensius
1707 2603 1896 2674 imminere),

1057 2693 1236 2750 fraternitati
1252 2697 1323 2760 tuas,
1338 2707 1427 2764 quarn
1442 2693 1592 2750 sincerius
1607 2693 1823 2766 amplexamur,
1836 2709 1895 2750 au-

1059 2783 1195 2840 ctoritate
1206 2781 1398 2853 praesentium
1414 2779 1604 2856 indulgemus
1613 2788 1647 2838 nt
1658 2781 1814 2854 prelatum
1826 2799 1897 2838 mo·

1059 2871 1222 2930 nasteriom
1235 2868 1273 2927 ad
1282 2869 1501 2927 observantiam
1510 2871 1677 2945 regularem
1688 2876 1717 2928 et
1726 2875 1896 2928 statumre-

1057 2959 1179 3035 ligionis
1193 2957 1335 3030 antiqua,
1351 2957 1406 3026 vel,
1422 2958 1448 3014 si
1462 2959 1584 3030 poteris,
1596 2959 1761 3028 meliorem,
1772 2964 1894 3017 remoto

1060 3047 1271 3124 appellationis
1285 3045 1448 3116 obstaculo,
1459 3049 1558 3104 valeas
1572 3048 1744 3106 reformare.
1758 3047 1894 3105 Abbstes

1018 3177 1044 3244 G
1060 3153 1179 3230 quoque
1194 3136 1248 3192 tibi
1258 3135 1452 3208 subjectosad
1465 3137 1594 3195 debitam
1604 3135 1804 3196 obedientiam
1815 3141 1896 3194 Are-

1057 3229 1149 3285 lateu.
1172 3224 1313 3282 Ecclesia
1331 3239 1412 3282 nunc
1427 3230 1457 3282 et
1471 3226 1502 3282 in
1518 3232 1671 3300 posterum
1686 3225 1892 3284 exhibendam

1058 3313 1257 3388 compellendi
1271 3313 1326 3370 tibi
1341 3313 1539 3374 nibilominus
1553 3315 1746 3373 concedimus
1761 3316 1890 3374 faculta-

1059 3402 1332 3464 temllecernimns
1346 3417 1417 3477 ergo
1435 3410 1492 3462 etc.

1096 3497 1202 3552 Datum
1217 3492 1365 3562 Laetam,
1378 3509 1405 3549 rr
1415 3491 1484 3552 ldos
1497 3493 1679 3552 Decembris.

1368 3599 1586 3658 cccclxxvn.

1062 3707 1160 3749 senari
1187 3707 1286 3750 suarm
1310 3705 1415 3759 vacuis,
1444 3705 1645 3747 raonrnncouo
1674 3703 1832 3746 rrmsvsnsr
1861 3706 1898 3747 nr

1248 3797 1382 3840 uscrsrao
1402 3797 1429 3838 a.
1451 3797 1557 3838 nsclno
1576 3797 1704 3838 astrum.

1069 3877 1103 3932 Ut
1112 3875 1254 3946 precarios
1266 3873 1403 3944 pontiacis
1419 3869 1650 3942 tabenensiorum
1664 3881 1775 3926 suoram
1789 3885 1901 3941 posses-

1100 3947 1175 4003 sione
1188 3945 1348 4014 dersndunt,
1362 3945 1417 3999 nisi
1425 3947 1557 3999 statutam
1569 3943 1602 3999 de
1616 3948 1688 3998 certo
1701 3943 1901 3998 canonicorum

1101 4032 1213 4072 numam
1228 4020 1371 4088 capuensi.

1238 4111 1398 4180 (Laterani,
1414 4127 1474 4180 xiv,
1489 4111 1542 4168 llal
1568 4110 1724 4179 ianuarii.)

181 4203 243 4260 fata
257 4203 384 4260 ecelesia
399 4204 511 4261 sitaest
521 4207 1012 4280 oumomnibuspertinentiissuls,
1103 4211 1176 4266 Cum
1191 4207 1286 4265 simus
1296 4207 1481 4266 omnibusex
1491 4208 1626 4280 injuncto
1636 4206 1723 4263 nobis
1733 4204 1831 4262 officio
1842 4205 1903 4262 de-

185 4292 343 4350 ecclesiam
355 4293 453 4350 Sancti
465 4296 563 4364 llarci,
575 4311 642 4367 quse
653 4296 684 4352 in
695 4296 836 4368 parochia
844 4296 1016 4353 vestrafun-
1068 4299 1190 4366 bitores,
1207 4297 1243 4354 iis
1252 4296 1422 4368 specialiter
1430 4301 1460 4354 et
1473 4295 1799 4369 praesertimprovidere
1810 4299 1903 4352 tene·

185 4380 254 4438 data
269 4389 323 4452 est,
337 4399 405 4439 curn
418 4384 558 4441 omnibus
569 4385 758 4458 pertinentiis
768 4387 840 4454 suis,
857 4384 1014 4444 ecclesiam
1069 4404 1137 4444 mur
1146 4387 1197 4458 qui
1207 4386 1278 4452 vela
1288 4385 1358 4442 sede
1370 4385 1534 4457 apostolica
1541 4384 1678 4442 ordinem
1690 4389 1903 4456 susceperunt,

185 4471 298 4530 Sanctae
314 4473 423 4541 llaria,
437 4474 566 4546 positam
581 4475 611 4530 in
626 4480 712 4548 porta
726 4491 816 4532 aurea
829 4491 898 4532 cum
920 4476 1015 4548 perti·
1069 4476 1115 4532 vel
1126 4475 1206 4548 apud
1216 4491 1282 4530 eam
1294 4473 1325 4530 in
1335 4473 1478 4546 obsequio
1489 4479 1592 4530 nostro
1604 4478 1634 4530 et
1642 4473 1767 4529 fratrum
1777 4477 1903 4528 nostro-

184 4560 296 4616 nentiis
311 4561 392 4630 suis3
408 4562 565 4621 ecclesiam
580 4564 694 4620 Sancta
708 4565 817 4634 llariee,
839 4565 968 4637 positam
980 4565 1012 4622 in
1027 4543 1054 4612 Ῑ)
1068 4562 1560 4635 rumlandabiliterpermanentes,
1571 4559 1903 4633 nostrampleniusme-

184 4649 306 4706 castello
322 4650 475 4708 Lanfranci
492 4668 560 4709 cum
573 4653 713 4712 omnibus
728 4654 917 4726 pertinentiis
933 4653 1014 4723 suis;
1068 4657 1194 4710 rnemnt
1210 4651 1373 4726 gratiarnet
1383 4650 1525 4708 favorem.
1543 4650 1626 4707 Unde
1638 4665 1771 4722 cumpro
1786 4649 1901 4721 ignotis

182 4744 212 4794 et
223 4737 341 4809 plebem
352 4755 418 4810 qua
428 4739 536 4796 dicitur
547 4743 618 4799 liele
628 4742 844 4800 cumomnibus
854 4742 1009 4816 pertinen·
1070 4743 1159 4799 etiam
1174 4739 1306 4798 Ecclesia
1318 4743 1454 4797 Romana
1465 4739 1652 4796 consueverit
1665 4753 1683 4794 a
1696 4738 1832 4810 personis
1849 4754 1903 4794 ec-

183 4826 232 4882 liis
248 4826 319 4883 suis.
338 4827 412 4883 Sane
427 4845 494 4885 cum
510 4831 660 4902 generale,
671 4837 728 4887 etc.
740 4831 929 4904 Sepulturam
940 4849 1013 4904 quo·
1069 4829 1245 4888 clesiasticis
1254 4829 1285 4884 ln
1296 4829 1359 4886 suis
1367 4827 1506 4900 precibus
1515 4833 1577 4884 tam
1585 4826 1723 4884 celeriter
1735 4841 1824 4899 qnam
1832 4826 1902 4884 efli-

185 4931 254 4987 que,
270 4919 326 4970 etc.
343 4915 476 4974 Obeunte
490 4935 568 4988 vero,
585 4925 641 4976 eto.
658 4921 851 4978 Decernimus
866 4938 945 4994 ergo,
957 4927 1014 4982 eto.

185 5004 269 5060 Salva
280 5002 358 5060 sedis
369 5006 538 5077 apostolicas
547 5009 722 5066 auctoritate
735 5014 765 5064 et
779 5009 938 5066 diaecesani
953 5010 1014 5082 epi·

187 5092 552 5166 scopiaanonicajustitia.
563 5097 592 5151 Si
604 5113 663 5170 qua
671 5097 761 5171 igitur
769 5098 801 5154 in
811 5098 1015 5167 futurumne.

221 5183 328 5238 ilatum
339 5183 486 5253 Laterani,
495 5201 549 5256 per
559 5201 681 5242 manum
689 5186 834 5258 Raynaldi
844 5186 1015 5260 dominipe-

186 5287 231 5344 pae
246 5271 366 5340 notarii,
380 5273 551 5330 cancellarii
566 5275 795 5348 vicemagentisss
809 5291 876 5330 xviri
890 5275 1015 5332 Kalend.

187 5359 329 5428 ianuarii,
345 5360 510 5417 indictione
524 5363 666 5432 secunda,
687 5363 904 5421 incarnationis
919 5365 1019 5422 llomi·

188 5447 263 5502 nioae
278 5463 357 5505 anno
378 5452 459 5520 1198,
482 5452 674 5523 pontificatus
697 5469 765 5508 roro
790 5451 904 5509 domini
930 5455 1019 5512 lnno-

189 5535 279 5590 centii
292 5552 377 5608 papae
393 5539 432 5594 lll
444 5555 523 5596 anno
539 5541 646 5612 primo.

227 5621 386 5697 (altlyide
403 5643 492 5698 supra
507 5630 593 5701 epist.
609 5632 672 5686 set.

1070 4919 1179 4976 caciter
1194 4917 1341 4986 exaudiri,
1356 4932 1416 4973 uon
1432 4933 1591 4990 possumus
1606 4933 1667 4974 nou
1683 4914 1786 4972 mirari
1800 4914 1826 4970 si
1837 4931 1904 4972 non

1070 5007 1228 5064 audiamur
1241 5022 1295 5078 pro
1308 5005 1369 5062 illis
1378 5005 1487 5078 quibus
1497 5005 1536 5062 ad
1552 5004 1747 5062 obtinendum
1755 5003 1835 5076 quod
1848 5023 1903 5076 pe·

1070 5097 1143 5152 titur
1157 5095 1282 5152 scientia
1296 5095 1475 5169 suffragatur
1484 5099 1514 5150 et
1525 5093 1725 5166 mores,etqui
1735 5091 1906 5152 uobissunt

1072 5191 1101 5242 et
1111 5184 1251 5242 fratribus
1265 5185 1375 5241 nostris
1390 5183 1503 5255 accepti
1514 5184 1601 5240 ethis
1618 5182 1727 5255 quibus
1738 5181 1904 5240 scribimus

1071 5290 1133 5330 non
1143 5275 1244 5347 ignoti.
1255 5273 1330 5330 Sane
1340 5289 1407 5330 curn
1414 5289 1467 5344 pro
1477 5271 1672 5328 dilectisflliis
1681 5272 1724 5326 W.
1736 5269 1820 5328 Rollo
1830 5273 1907 5328 sub-

1071 5363 1198 5420 diacono
1221 5368 1334 5430 nostro,
1350 5361 1458 5418 clerico
1474 5360 1575 5418 dilecti
1591 5361 1646 5418 fllii
1661 5359 1756 5416 nostri
1771 5359 1857 5416 Gent.
1875 5363 1905 5418 S.

1072 5452 1168 5510 bucias
1184 5451 1302 5509 diaconi
1317 5446 1907 5523 cardinalis,quividalicetsubdiaconus

1073 5557 1110 5598 ex
1124 5557 1159 5598 eo
1171 5541 1251 5612 quod
1258 5540 1354 5598 felicis
1363 5539 1579 5600 recordationis
1593 5541 1625 5596 G.
1641 5553 1725 5611 papa
1736 5537 1906 5610 predeces-
