3972 6068
55 285 124 340 781
586 287 839 346 pontinianus
858 287 954 344 atino
973 287 1008 356 ll,
1029 288 1167 344 CHRISTI
1187 291 1266 344 itte.
1734 290 1785 342 782

55 411 197 466 vincere
212 408 345 467 volentes
358 410 389 467 in
404 410 564 480 bono,cum
574 429 605 470 se
619 413 765 470 universis
780 412 901 469 manda·
918 415 943 482 Α
959 430 1048 484 quem
1059 413 1233 470 defensuros
1245 431 1296 469 vos
1307 413 1376 468 fidei
1387 413 1529 486 religione
1541 411 1692 468 firmastis.
1705 413 1784 470 Licet

57 499 111 556 tis
132 500 243 556 nostris
258 503 429 572 exponeret,
453 505 488 557 ut
511 507 695 558 tentaremus
718 502 856 576 spiritum
881 503 906 560 si
961 505 1040 560 enim
1056 503 1193 560 Saraceni
1212 505 1244 576 [s.
1261 503 1444 574 Saracenos]‚
1462 503 1485 558 si
1501 503 1532 557 in
1548 501 1690 558 fidelitate
1706 519 1783 574 prm-

57 593 157 646 esset
171 605 208 644 ex
224 591 292 658 Deo,
310 589 388 646 sicut
403 607 481 662 sape
495 607 548 663 per
563 591 678 649 litteras
691 597 808 648 nostras
823 591 906 648 vobis
959 593 1028 648 dicti
1043 595 1120 668 regis
1136 590 1366 666 permanserint,
1391 591 1513 664 diligere
1530 607 1563 646 ao
1588 595 1780 646 manutenere

55 678 269 736 meminimus
283 678 450 746 intimasse,
462 684 581 752 recepto
594 680 631 736 ab
643 698 676 736 eo
692 697 745 754 per
758 679 904 754 quosdam
956 683 1083 740 volimus
1093 688 1123 739 et
1133 683 1226 739 bonas
1236 683 1279 738 eis
1290 681 1519 738 consuetudines
1531 680 1686 752 adaugere,
1697 681 1782 736 susti-

54 767 202 824 fratrum
217 772 388 825 nostrorum
404 759 521 842 publice
535 787 752 842 supercrncem
767 777 797 826 et
811 773 904 826 Eran-
957 789 1030 830 nere
1041 778 1139 830 tamen
1149 789 1204 828 nec
1214 772 1348 829 volumus
1360 788 1413 826 nec
1423 770 1565 826 debemus
1577 774 1607 824 ut
1618 786 1685 824 curn
1701 771 1779 824 biar-

53 857 153 928 gelia
163 855 335 930 juramento
350 857 430 930 quod
443 875 533 931 super
546 859 696 930 omnibns,
716 877 769 934 pro
794 859 904 932 quibus
956 864 1085 920 cownldo
1096 864 1179 937 regni
1191 863 1337 919 excidium
1349 861 1783 932 machinenturdlonemusigi·

55 948 349 1004 excommunicatus
365 948 471 1018 iuerat,
488 949 636 1006 mandetis
650 949 821 1022 apostolicis
836 950 901 1008 sine
956 953 1402 1009 turuniversitatemresiramet
1412 948 1642 1005 exhortamurin
1655 950 1778 1004 Domino

53 1036 902 1108 contradictionequalibetobediretfecimuseurnavins
955 1047 984 1097 et
998 1043 1029 1098 in
1048 1043 1257 1099 remissionem
1281 1041 1362 1096 vobis
1383 1040 1567 1112 injungimus
1589 1043 1778 1109 peccatorum

53 1127 139 1182 culo
162 1127 481 1184 excommunicationis
504 1127 616 1184 absolvi
640 1135 670 1183 et
693 1129 771 1184 inter
794 1135 901 1188 caetera
954 1134 1102 1201 quatenus
1113 1131 1144 1187 iu
1155 1130 1266 1186 dictum
1277 1127 1497 1184 lfarccweldum
1516 1126 1669 1182 inimicum
1683 1127 1734 1182 Dei
1748 1132 1777 1183 et

55 1215 194 1288 praecipi
205 1215 340 1272 absoluto
349 1221 383 1271 ut
391 1217 699 1290 penitustifiilabalio
710 1218 791 1291 regni
801 1224 898 1275 etmo-
952 1219 1101 1288 Ecclesia,
1113 1225 1333 1292 persecutorem
1341 1215 1430 1290 regie,
1444 1216 1512 1272 inde
1523 1215 1777 1271 solummodoior-

52 1305 229 1362 laetatione
237 1311 367 1362 cessaret
376 1323 383 1372 ;
391 1306 471 1378 quod
480 1323 511 1362 se
524 1307 899 1379 scripsitpostmodumneo
953 1308 1060 1364 liorem
1071 1309 1186 1364 hostem
1197 1308 1370 1364 Christianae
1377 1305 1774 1379 religionisunilesamiliaris

53 1413 123 1467 pro
136 1395 830 1469 Deo,necprobomineservaturum31icetquod
843 1397 897 1454 sub
952 1401 997 1453 est
1010 1397 1159 1466 inimicus,
1170 1397 1201 1452 in
1214 1397 1334 1452 nomine
1345 1396 1463 1452 Domini
1473 1394 1656 1450 exercituum
1669 1401 1774 1466 poten-

54 1484 682 1558 praedicteformajuraveritpriuspersnas
689 1485 774 1542 nobis
782 1485 897 1544 litteras
951 1491 1032 1543 teret
1042 1487 1166 1542 viriliter
1176 1487 1347 1558 assurgatis,
1363 1502 1422 1542 non
1435 1486 1572 1540 timentes
1587 1489 1655 1540 ante
1666 1485 1772 1540 taciem

50 1573 896 1654 intimasset,quasapudnos‚incertamintldelitatisejus
949 1577 1024 1649 ejus,
1039 1577 1180 1648 quoniam
1191 1593 1225 1632 ex
1236 1593 1294 1648 quo
1311 1574 1433 1630 recessit
1447 1592 1464 1630 a
1479 1575 1772 1642 Domino,invenient
1842 1592 1846 1602 ·

51 1665 212 1722 indicium
241 1664 273 1722 iu
295 1664 499 1720 testimonium
528 1679 723 1720 reservamus.
748 1665 894 1722 Celerum
947 1682 1016 1722 eum
1030 1667 1125 1724 mulla
1140 1666 1229 1734 mala,
1244 1666 1385 1737 qnoniam
1399 1665 1583 1720 etDominus
1598 1664 1634 1720 ab
1650 1664 1713 1736 ipso
1724 1681 1770 1718 re·
1818 1705 1822 1712 .

50 1771 121 1811 nos
135 1752 255 1810 fraudes
270 1753 335 1826 ejus
357 1759 387 1810 et
411 1754 555 1810 versutias
569 1753 769 1824 attendentes,
793 1754 891 1826 ipsum
906 1781 933 1848 Β
947 1757 1037 1812 cessit
1051 1772 1106 1812 nec
1120 1756 1309 1828 derelinquet
1322 1754 1447 1811 ulterius
1470 1754 1581 1826 virgam
1605 1755 1769 1825 peccatoris

51 1859 136 1901 cum
146 1843 291 1902 universis
309 1841 474 1901 fautoribus
490 1841 561 1912 suis,
586 1842 765 1902 nominatim
790 1848 891 1900 autem
947 1849 1154 1918 supersortem
1162 1845 1384 1918 justorumllos
1396 1843 1475 1898 enim
1486 1841 1767 1914 attendentesperti·

51 1932 212 2006 Diopnldo
226 1937 256 1988 el
270 1931 413 1989 fratribus
428 1932 502 2004 ejus,
520 1931 622 1990 Odone
635 1931 672 1988 de
687 1933 804 1990 Lasion.
820 1933 892 1990 Wil-
943 1934 1022 1992 diam
1038 1934 1231 2002 Marcowaldi,
1245 1934 1296 2006 qui
1311 1949 1378 1990 cum
1389 1949 1449 1988 non
1462 1932 1591 2004 potnerit
1601 1948 1668 1986 cum
1684 1931 1768 1986 Chri-

49 2023 166 2078 lielmo
177 2023 281 2078 Crasse
291 2021 507 2094 etsequacibns
518 2027 548 2078 et
562 2021 728 2080 fautoribus
744 2023 819 2094 eius,
836 2039 890 2080 ex·
943 2024 1047 2080 stianis
1058 2025 1201 2083 hactenus
1212 2022 1381 2096 praevalere,
1392 2037 1460 2078 oum
1475 2021 1639 2089 Saracenis,
1653 2025 1686 2076 ut
1695 2037 1768 2092 prm-

51 2111 343 2169 communioetionis
356 2112 525 2168 curavimus
539 2112 657 2170 vinculo
673 2111 834 2181 innodare,
861 2119 891 2170 et
943 2113 1110 2182 libavimus,
1124 2113 1230 2170 nititur
1242 2113 1410 2185 opprimere
1425 2111 1767 2178 Christianos,unirersis

50 2202 251 2258 universosa
275 2201 447 2274 juramento
476 2201 638 2267 fidelitatis,
666 2202 816 2258 societatis
844 2203 890 2260 vel
942 2203 1282 2278 procedentibuscontra
1293 2219 1342 2258 eos
1354 2202 1384 2257 in
1395 2203 1450 2258 liac
1463 2201 1596 2274 nequitie
1607 2200 1768 2272 perduran-

51 2291 189 2348 hominii
205 2291 232 2346 ei
245 2291 370 2363 prestiti
385 2290 582 2357 absolventes,
594 2305 715 2348 omnem
728 2295 837 2348 terram
851 2291 889 2349 ad
942 2299 986 2349 tes
1001 2293 1084 2350 iilam
1099 2293 1290 2350 concedimus
1305 2292 1422 2346 veniam
1432 2295 1619 2362 peccatorum
1636 2305 1725 2360 quam
1736 2289 1768 2344 in

54 2397 153 2453 quam
167 2381 229 2453 ipse
244 2380 289 2436 sel
304 2380 413 2451 aliquis
428 2379 466 2436 de
485 2379 702 2452 principalibus
722 2380 889 2438 fautoribus
941 2378 1768 2440 defensionemterratorientalistransfretantibusindul-

54 2470 128 2542 ejus
141 2469 302 2536 devenerit,
319 2470 475 2524 sententias
492 2469 674 2541 subjecimus
684 2469 845 2536 interdicti,
860 2475 890 2526 et
940 2473 1124 2543 gemus.,l³er
1133 2470 1265 2526 Siciliam
1274 2469 1354 2526 enim
1365 2467 1515 2524 subveniri
1527 2467 1636 2538 poterit
1649 2467 1766 2523 iaeilius

52 2559 268 2615 mandavimus
279 2557 437 2630 praedictos
446 2573 552 2614 omnes
563 2557 730 2628 periretres
745 2561 775 2612 et
788 2558 886 2628 coepi·
940 2565 1026 2615 terrm
1039 2565 1170 2616 sanctie:
1187 2575 1253 2630 qum
1269 2557 1388 2628 siquod
1404 2557 1491 2624 absit,
1508 2557 1538 2610 in
1551 2555 1766 2612 Saracenorum

49 2665 164 2720 scopos
175 2651 293 2703 nostros
303 2645 417 2702 etalios
428 2645 626 2702 lieolesiarurn
638 2645 887 2718 prsieessingu-
939 2649 1102 2720 potentiam
1117 2647 1278 2716 deveniret,
1294 2646 1377 2702 nulla
1392 2645 1427 2701 de
1443 2646 1763 2716 caeterorecuperatio·

47 2738 92 2793 lis
108 2736 215 2792 diebus
239 2734 403 2790 Dominicis
427 2739 456 2790 et
478 2733 589 2790 festivis
614 2735 886 2792 excommunicatos
938 2739 969 2792 ni
987 2736 1259 2809 Hierosolymitnnae
1275 2734 1432 2808 provincias
1452 2733 1561 2790 fiducia
1582 2739 1761 2790 remaneret.

49 2823 177 2898 publice
191 2823 437 2880 nuntiariitictus
447 2839 516 2880 vero
533 2811 770 2882 llnroovaldusa
794 2824 885 2882 simili
937 2829 1103 2883 Nosnutem
1113 2825 1255 2882 dilectum
1266 2825 1361 2881 filium
1371 2825 1401 2879 G.
1414 2822 1491 2878 tituli
1504 2823 1602 2878 Sancti
1611 2823 1761 2879 Laurentii

53 2915 116 2970 sibi
128 2912 428 2986 quaereneeuxilium,
447 2927 466 2970 a
479 2913 576 2984 pirata
590 2913 689 2985 praedo
700 2919 730 2970 et
742 2919 852 2986 raptor,
867 2931 886 2970 a
937 2917 968 2971 in
979 2915 1089 2970 Lucina
1096 2911 1759 2986 presbyterumcardinalemepostoliceesedis

51 3003 173 3060 marino
184 3003 315 3074 nonjam
326 3001 493 3060 latrunculo
504 3001 884 3072 sedialrone,Willielmum
936 3005 1077 3078 legatum,
1096 3009 1125 3060 et
1138 3002 1323 3059 venerabiles
1339 3003 1443 3058 iratres
1459 3005 1576 3056 nostros
1590 3001 1759 3074 Neapolita-

48 3095 203 3161 Gressum,
227 3105 316 3164 quem
345 3092 372 3147 ei
400 3097 564 3164 tampoeua
589 3093 811 3164 qnamfaainus
833 3111 881 3150 oo·
936 3111 1008 3150 num
1020 3098 1050 3149 et
1060 3093 1252 3150 Tarentinum
1266 3091 1504 3164 archiepiscopos
1518 3091 1549 3146 in
1564 3091 1647 3163 regni
1661 3091 1758 3147 subsi-

50 3180 202 3254 aequabat,
219 3181 338 3248 ascivit;
355 3185 385 3238 et
398 3181 484 3253 quasi
508 3198 569 3238 nen
582 3182 733 3239 sufficeret
747 3183 773 3238 ei
797 3183 877 3254 quod
893 3161 918 3227 ὓ
934 3184 1016 3240 dium
1032 3185 1229 3255 cumcopioso
1241 3181 1371 3238 exercitu
1385 3179 1757 3237 destinamus.lilementote

48 3271 247 3328 charissimus
271 3271 303 3327 in
317 3270 432 3327 Christo
449 3270 528 3328 silius
544 3275 646 3327 noster
660 3271 690 3326 F.
708 3271 813 3328 Siciliae
828 3285 880 3330 rex
932 3274 1022 3346 igitur
1034 3273 1185 3346 opprobrii
1202 3271 1291 3328 totius
1306 3271 1399 3344 regni,
1417 3269 1496 3341 qnod
1511 3269 1594 3325 vobis
1609 3286 1627 3324 a
1641 3269 1755 3326 cunctis

47 3359 346 3418 illustrissuofuerat
369 3360 549 3432 patrimonio
564 3359 718 3432 spoliatus,
735 3361 792 3416 nisi
810 3378 879 3418 eum
931 3362 1068 3436 gentibus
1079 3361 1283 3435 exprobratur,
1293 3359 1407 3416 scilicet
1417 3358 1496 3430 quod
1506 3357 1593 3414 citius
1604 3361 1697 3412 totum
1710 3375 1756 3412 ra-

46 3453 163 3508 saceret
177 3451 266 3507 etiam
280 3449 383 3506 matris
394 3449 584 3521 possessione
598 3449 706 3521 privari
722 3450 810 3521 (sicut
825 3467 878 3510 no·
930 3451 1306 3524 gnumfueritoccupatum
1317 3446 1688 3519 quamunasoleatcivitas
1704 3465 1755 3502 oc-

49 3542 99 3596 bis
114 3551 151 3596 ex
166 3539 343 3611 transcripto
357 3537 523 3596 litterarum
539 3552 613 3610 quas
632 3538 704 3610 Pup.
731 3539 877 3610 mittebat,
930 3540 1041 3612 cupari.
1059 3540 1134 3606 Quid
1145 3555 1213 3612 ergo
1225 3538 1339 3594 dicetur
1351 3535 1387 3592 de
1401 3553 1494 3604 servo,
1506 3551 1573 3590 cum
1584 3535 1620 3590 de
1632 3535 1752 3590 domino

49 3629 205 3700 innotuit),
221 3628 353 3686 Siciliam
369 3628 626 3705 estingressus,et
640 3644 701 3684 non
716 3629 809 3700 regni,
825 3630 878 3686 sed
930 3629 959 3685 id
973 3628 1110 3686 dicetur?
1125 3627 1214 3684 llritis
1237 3626 1317 3682 enim
1340 3625 1376 3682 de
1401 3629 1520 3693 coetero,
1541 3623 1598 3679 nisi
1624 3623 1752 3680 fideliter

49 3721 130 3794 regis
146 3718 371 3791 etlam(oblitt1s
385 3718 598 3775 beneficiorum
616 3718 719 3790 patris,
736 3720 786 3791 qni
809 3737 877 3778 euru
928 3717 1094 3791 persistetis
1109 3721 1140 3774 et
1152 3715 1296 3772 resistetis
1312 3718 1458 3787 potenter,
1482 3711 1674 3786 opprobrium
1699 3713 1751 3768 ho·

49 3811 145 3866 erexit
158 3808 325 3881 depulsare
336 3807 717 3880 etdestercoresuscitavit)
728 3810 877 3866 excidium
928 3808 1044 3865 minum
1060 3811 1090 3864 et
1104 3805 1230 3879 abjectio
1246 3803 1343 3877 plebis
1354 3808 1383 3860 at
1397 3801 1559 3860 ludibrium
1574 3801 1706 3876 gentium
1720 3807 1751 3857 et

51 3898 221 3967 meditatur,
238 3897 324 3968 quasi
340 3897 402 3954 suis
427 3895 530 3953 dicens
558 3895 744 3954 fautoribus:
773 3901 824 3956 Hic
839 3906 877 3958 est
927 3896 1027 3954 fabula
1039 3895 1226 3969 populorum.

51 3990 158 4052 isserat:
172 3987 271 4044 venite.
287 3987 441 4042 omidamas
455 3998 526 4054 sam,
542 3991 567 4042 et
581 3986 741 4044 babebimus
755 3987 875 4046 berem·
964 3988 1069 4043 Datum
1082 3984 1229 4053 Laterani,
1246 4000 1290 4040 vm
1306 3983 1368 4038 llal.
1385 3980 1567 4040 Decembris.

53 4079 134 4133 tatem
146 4077 233 4148 ipsias
256 4075 351 4148 (Dara.
368 4091 419 4143 ιιι,
440 4075 491 4147 it).
516 4074 544 4130 Si
567 4075 653 4132 nobis
668 4091 729 4132 non
743 4077 875 4148 creditis,
1272 4073 1400 4129 ccxxii.

53 4165 191 4238 operibns
206 4165 328 4222 credite.
345 4167 378 4220 ln
386 4164 450 4237 lpso
461 4179 591 4236 namque
599 4165 736 4239 ingresu
745 4183 798 4224 suo
809 4169 876 4241 qui·-
1216 4181 1316 4221 rreronr
1336 4180 1459 4220 cannino.

52 4255 177 4312 busdam
189 4255 342 4311 Saracenis
354 4253 581 4323 confederatus,
593 4257 760 4312 eornm-sibi
773 4261 876 4316 eontra
963 4257 1035 4314 Cum
1047 4273 1065 4313 a
1078 4257 1163 4313 nobis
1174 4255 1294 4328 petitur,
1306 4258 1373 4322 ete,
1385 4269 1471 4324 usque
1483 4253 1519 4307 ad
1528 4253 1639 4308 verbam
1651 4267 1752 4306 assen-

50 4343 704 4416 regemetflhristianosconvocavitaunilium
716 4363 723 4414 ;
737 4352 766 4402 et
781 4349 875 4404 utee-
927 4365 972 4418 su,
989 4361 1147 4420 personam
1163 4351 1243 4404 tuern
1254 4359 1322 4402 cum
1333 4341 1473 4400 omnibus
1483 4341 1570 4396 bonis
1581 4345 1641 4396 tam
1654 4339 1750 4394 eccle-

50 4449 115 4490 rum
130 4431 245 4488 enimos
256 4430 294 4488 ad
304 4436 432 4504 stragem
443 4438 613 4490 nostrornm
625 4434 753 4506 amplius
763 4437 875 4493 excita-
926 4437 1053 4494 siasticis
1076 4453 1166 4508 quarn
1188 4433 1359 4501 mundanis,
1387 4437 1454 4498 etc.,
1481 4445 1566 4499 aeque
1587 4429 1624 4483 ad
1638 4429 1748 4483 veritam

49 4528 95 4580 ret
109 4518 231 4577 et'sitim
246 4525 366 4593 sugeret
386 4535 499 4587 eorum,
519 4520 583 4593 jam
608 4521 739 4593 ipsorum
767 4525 910 4601 tanecel)
926 4526 1113 4598 suscipimus.
1130 4523 1415 4596 Speoialiterautem
1435 4503 1626 4592 prinb'endam
1648 4518 1747 4573 Sancti

52 4609 870 4683 ChristianosanguinecruentavitelmulieresChristia-
924 4614 1039 4687 Georgli
1055 4613 1091 4668 de
1105 4614 1261 4681 munceio,
1277 4610 1354 4666 sicut
1373 4623 1438 4664 earn
1458 4607 1539 4678 juste
1561 4606 1695 4678 possides
1717 4611 1747 4662 et

52 4697 868 4773 nnscnptaeperviolentiemeorumexposuitvoluntati.
923 4705 1033 4777 quiete,
1058 4701 1231 4759 auctoritate
1258 4699 1309 4776 tihi
1332 4698 1496 4772 apostolica
1519 4699 1743 4770 confirmamus,

52 4791 139 4854 Quem
154 4788 252 4861 igitur,
269 4787 323 4842 etsi
339 4803 398 4843 non
422 4787 507 4858 pueri
532 4788 622 4861 repis,
652 4791 738 4864 Regis
765 4809 867 4866 regam
923 4797 978 4850 eto.
995 4792 1072 4849 Nulli
1085 4808 1164 4865 argo,
1180 4795 1236 4847 etc.

52 4893 135 4934 cansa
149 4885 210 4932 non
224 4880 340 4933 moreat
354 4881 385 4932 et
398 4891 458 4932 uon
474 4881 574 4950 tangat
588 4877 869 4949 injuriaflruoifixit
957 4885 989 4938 ln
1005 4881 1125 4938 eamdem
1139 4881 1249 4936 taedam
1272 4895 1326 4950 pro
1355 4879 1445 4934 Acone
1472 4879 1637 4936 subdiacono
1663 4897 1744 4952 seper

52 4967 116 5032 Quis
126 4965 326 5038 noninsurgst
335 4965 367 5022 in
377 4964 463 5022 illurn
474 4965 524 5036 qui
535 4970 638 5024 contra
647 4983 752 5025 omnes
764 4969 867 5027 insnr·
922 4973 1033 5029 ecclesia
1046 4971 1141 5027 Sancti
1154 4969 1288 5040 Spicestri
1302 4970 1334 5024 de
1348 4969 1490 5026 Doncnlio.

53 5056 92 5129 git
105 5061 131 5111 et
145 5055 274 5112 inimicis
289 5055 385 5112 crucis
399 5054 537 5128 sejungit
550 5060 584 5111 ut
593 5055 681 5112 tidem
694 5059 791 5116 crucis
802 5073 867 5116 eva·
1265 5057 1407 5114 ccxxlll.

54 5150 123 5212 caet,
140 5145 277 5202 attactus
293 5143 409 5202 infideli
424 5144 553 5201 deterior
568 5144 741 5204 infidelibus
762 5150 868 5207 nititur
950 5162 983 5206 ns
1019 5163 1134 5206 uucnnro
1171 5165 1203 5206 ur
1241 5159 1334 5205 senen
1370 5165 1534 5204 sanvnronrs
1571 5163 1719 5203 isenricus

54 5233 202 5307 subjugare
209 5233 313 5291 fideles
325 5233 448 5290 testum
458 5235 546 5307 igitur
554 5234 660 5292 divinae
670 5235 743 5308 legis
753 5238 869 5296 haben·
1241 5255 1424 5296 assistemus.

53 5330 102 5390 tes,
118 5340 183 5380 cum
198 5323 310 5380 Phinea
323 5324 471 5382 festinetis
484 5324 607 5397 accingi,
624 5331 657 5382 ut
669 5327 803 5384 ludmum
816 5329 866 5384 di·
1013 5331 1049 5386 lle
1060 5331 1254 5386 monasterium
1272 5331 1301 5386 S.
1318 5329 1478 5388 columboni
1492 5330 1655 5382 instaurent.

53 5417 205 5471 vertentem
220 5413 258 5470 ud
275 5413 473 5480 bladienitam,
490 5431 558 5472 cum
571 5432 606 5472 ea
620 5432 680 5472 uno
696 5417 784 5474 unius
805 5418 866 5476 ictu
1186 5421 1303 5491 (Datum
1320 5418 1477 5482 Lateranil

53 5502 133 5576 gladii
147 5501 260 5559 feriatis
275 5508 304 5558 el
314 5503 397 5577 regni
413 5503 519 5560 Sicilim
529 5503 695 5562 defendatis
709 5506 864 5578 bonorem,
953 5511 1018 5568 lem
1033 5510 1141 5582 saepius
1156 5514 1290 5565 nostrum
1303 5507 1430 5579 pulsavit
1444 5505 1577 5560 auditum
1589 5505 1667 5576 quod
1679 5522 1741 5560 mo·

86 5620 152 5692 (tot)
168 5618 240 5676 Vide
255 5637 344 5693 supra
357 5621 442 5693 epist.
460 5623 520 5676 fit.
