3952 6062
176 266 229 322 483
681 260 938 318 mnocnrltllln
957 259 1011 314 PP.
1033 257 1267 316 REGESTORUH
1287 259 1353 313 Llll.
1371 258 1395 312 Ι.
1804 303 1806 309 .
1834 259 1886 312 484

175 393 222 448 Sic
233 396 331 448 autem
344 389 397 444 has
407 386 554 460 primitias
564 389 1003 456 precumnostrarumrcveren·
1017 385 1046 448 Α
1061 397 1110 436 eos
1126 399 1277 454 exponens
1292 383 1353 438 imo
1368 382 1526 438 Dominum
1542 383 1574 438 in
1589 381 1632 438 eis
1653 380 1806 438 miraculis
1821 381 1888 438 cla-

177 468 223 537 tet
238 479 393 537 admittere
410 475 563 543 studeatis,
573 474 800 530 ntdevotionem
812 480 939 530 vestram
950 473 1001 528 de·
1041 503 1042 506 =
1055 471 1161 526 ruisse.
1175 473 1235 528 lloc
1246 472 1335 528 etiam
1348 472 1491 528 Dominus
1501 488 1596 544 usque
1606 471 1846 544 hodieoperutur
1857 471 1888 526 in

174 574 299 629 beamus
314 568 438 642 proinde
449 564 659 623 commendere
670 571 699 620 et
710 583 760 622 vos
770 565 801 621 in
810 565 915 622 vestris
928 564 1002 638 peti·
1056 561 1167 617 sanctis
1181 565 1211 616 et
1221 560 1385 632 potentiam
1393 577 1477 618 suam
1490 561 1581 635 signis
1593 561 1778 618 evidentibus
1788 561 1889 618 mani·

174 653 1002 726 tionibusefficaciusexaudirehlioquinvenerabililra-
1056 649 1154 718 lestat,
1171 650 1242 706 dum
1257 651 1387 706 virorum
1402 655 1487 708 curet
1507 650 1698 724 egritudines
1710 651 1747 706 ad
1770 667 1890 706 memo-

174 751 211 806 tri
218 739 500 821 nostropatrinrchre
508 742 1003 800 Antiochenodedimusinmanda-
1056 740 1132 796 riam
1145 743 1341 808 mortuorum,
1357 745 1387 796 et
1401 756 1452 796 eos
1467 739 1631 812 plusposse
1642 743 1849 812 postmortem
1860 743 1891 793 et

176 833 1003 905 tisuls-obiscessantibus,elficerequodmandamus,ip-
1056 827 1174 884 felicius
1188 828 1283 884 rivere
1296 833 1441 896 mortuos,
1458 829 1511 900 qui
1526 829 1557 884 in
1577 829 1701 886 Domino
1716 827 1890 884 moriuntur

176 947 207 986 se
222 929 253 984 id
267 933 380 984 remoto
395 923 604 998 appellationis
626 923 789 994 obstaculo,
814 927 1002 994 exsequatur,
1058 931 1147 990 quarn
1163 918 1213 990 qui
1228 918 1328 974 vivunt
1342 918 1373 972 in
1389 918 1502 975 mundo
1518 919 1711 975 demonstrat.
1737 919 1814 976 Sane
1839 935 1889 974 ve·

175 1019 408 1076 contradictores
424 1014 574 1086 quoslibet
586 1011 789 1070 ecclesiastica
800 1027 1004 1084 censuraper-
1057 1007 1189 1063 niensad
1199 1007 1389 1079 praesentiam
1399 1011 1533 1064 nostram
1544 1007 1720 1066 venerabilis
1730 1008 1823 1066 irater
1833 1024 1890 1063 no-

176 1109 300 1166 cellens.

211 1199 317 1255 Datum
330 1195 478 1266 Laterani,
492 1211 510 1248 ιι
525 1192 588 1250 llal.
604 1192 745 1248 tannarii.

210 1288 349 1360 Scriptum
364 1293 401 1342 est
415 1301 497 1358 super
509 1284 558 1338 boc
569 1281 740 1353 patriarcba
755 1282 934 1338 Antiocheno.

289 1463 423 1506 universo
442 1372 704 1501 cornemium
723 1459 893 1500 remouens.

207 1533 246 1588 De
260 1532 289 1588 S.
305 1530 534 1593 Hammoniada,
548 1526 700 1592 astruentis,
715 1530 741 1580 et
756 1526 971 1582 canonizatione.

381 1607 539 1680 (Laterani,
556 1622 574 1662 ιι
589 1605 631 1662 ld.
648 1604 802 1677 ianuarii.)

213 1693 287 1768 (237)
303 1691 377 1758 Quia
390 1691 484 1761 pietas
507 1685 738 1760 promissionem
752 1685 843 1742 habet
856 1685 922 1740 vitan
938 1701 1004 1756 qum

177 1798 257 1838 nunc
270 1786 316 1838 est
330 1785 360 1836 et
372 1778 490 1845 lutura,
502 1777 602 1849 justus
618 1780 648 1830 et
669 1775 839 1830 misericors
860 1773 1003 1830 Dominus
1020 1757 1046 1823 B

178 1871 283 1927 fideles
298 1885 377 1935 suos,
390 1883 465 1938 quos
476 1864 697 1937 praedestinavit
707 1863 745 1919 ad
755 1863 854 1932 vitum,
863 1863 1005 1935 lrequen-

177 1965 224 2015 ter
238 1960 268 2013 in
284 1959 338 2014 hac
349 1957 407 2012 rita
419 1954 566 2028 glorificat
581 1957 610 2008 et
628 1968 746 2024 semper
759 1951 791 2007 in
806 1952 907 2008 lutura
920 1969 1005 2008 coro-

176 2055 245 2115 nat;
260 2047 370 2118 quibus
386 2050 415 2100 et
427 2061 481 2116 per
494 2043 674 2115 Prophetam
689 2041 853 2114 promittit:
868 2043 944 2098 Dabo
959 2058 1004 2098 vos

174 2139 205 2192 in
221 2137 339 2202 laudem,
355 2136 472 2204 gloriam
484 2140 510 2189 et
525 2133 691 2188 borao-remia
704 2133 806 2187 abactis
814 2131 926 2202 populis
941 2132 1003 2204 (So-

170 2227 257 2298 phou.
274 2242 313 2292 m,
331 2225 385 2296 10),
401 2228 430 2278 et
443 2239 497 2294 per
512 2237 542 2278 se
558 2221 736 2294 pollicetur:
761 2221 914 2290 Fulqcbrmt
931 2221 1004 2292 justi

173 2315 244 2368 sicut
256 2313 298 2368 sol
311 2313 341 2366 ta
353 2327 437 2381 reptio
451 2311 546 2366 Patr-is
560 2325 654 2364 eornm
671 2309 780 2378 (llotth.
795 2325 855 2377 ιιιιι,
871 2307 927 2380 lt).
951 2307 1004 2362 hli-

174 2401 278 2456 rabilis
291 2399 371 2455 enim
385 2399 415 2454 in
431 2415 461 2454 se
477 2398 542 2470 ipso
558 2397 712 2466 Dominus,
728 2395 875 2452 mirabilis
890 2396 921 2451 in
937 2413 1003 2452 san·

174 2490 239 2558 ctis,
261 2488 405 2545 mirabilis
428 2489 459 2543 in
484 2485 622 2542 omnibus
642 2485 781 2558 operibus
806 2485 878 2554 suia,
901 2500 1003 2541 verum

173 2579 260 2636 nohis
271 2578 390 2634 exhibet
400 2593 460 2634 suae
475 2576 590 2632 virtutis
601 2575 744 2632 indicium
757 2579 786 2631 et
795 2575 1004 2649 frigescentem

170 2670 235 2740 jam
250 2668 281 2724 in
293 2666 429 2739 pluribus
442 2653 597 2722 charitatis
622 2664 797 2738 igniculum,
819 2663 1003 2720 mirabilium

175 2773 296 2814 suorum
306 2755 398 2828 signis
409 2753 556 2822 accendit,
570 2754 730 2826 assumptis
740 2753 771 2809 in
782 2752 908 2827 gloriam
919 2770 1004 2810 suam

175 2845 227 2917 qui
238 2849 424 2900 certaverunt
433 2843 664 2916 legitimeinhoc
675 2843 1005 2912 mundo,admemorras

176 2943 279 2990 eorum
291 2933 410 2988 innovat
420 2933 504 3006 signa
514 2936 543 2987 et
551 2931 710 3000 mirabilia,
718 2931 804 3004 juxta
814 2931 1004 3004 Prophetem‚

176 3023 335 3090 immutat;
360 3026 393 3076 ut
412 3021 463 3092 qui
479 3025 598 3076 sanctus
615 3025 660 3075 est
679 3019 757 3091 apud
773 3021 871 3092 ipsum
886 3026 1006 3077 sanctus

177 3108 1008 3181 etiamabhominibushabeaturetinhocprresertimhae·
1021 3121 1047 3188 fl

175 3200 337 3256 retioorum
348 3197 547 3254 confundatur
556 3197 743 3270 perversitas,
755 3213 823 3253 cum
833 3198 870 3254 ad
882 3199 1005 3255 catholi-

176 3305 280 3345 corum
291 3285 1006 3361 tumulosviderintprodigiapullulareLioetau-

176 3383 248 3446 tem,
256 3377 554 3451 juxtatestimonium
561 3375 709 3445 Veritatis,
721 3376 785 3432 sola
795 3376 895 3432 llnalis
904 3394 1008 3450 perse-

177 3470 310 3526 verantia
319 3469 453 3542 exigatur
463 3467 499 3524 ad
512 3467 701 3524 sanctitatem
711 3466 819 3522 anima]
833 3467 864 3522 in
875 3468 1007 3524 Ecclesia

177 3560 385 3632 triumphanti,
402 3560 544 3631 quoniam
559 3558 610 3629 qui
625 3553 856 3631 perseveraverit
867 3575 962 3630 nsque
975 3577 1005 3615 ιιι

177 3647 1005 3718 llnem,hicsalvuserit;duotamemvirtusvidelicetmo·

177 3754 243 3794 rum
254 3744 283 3794 et
291 3737 551 3812 virtussignorum,
563 3751 654 3808 opera
662 3736 936 3808 scilicetpietetisin
947 3739 1007 3794 vita

178 3825 1007 3899 etmiraculorumsignapostmortem,utquisreputetnr

179 3919 300 3970 sanctus
308 3914 339 3969 in
349 3913 490 3969 militanti
500 3913 631 3968 Ecclesia
639 3914 843 3985 requiruntur.
855 3915 1008 3986 Numquis

176 4002 1006 4076 frequentorangolnsSatanarseinlucisangelumtrans·

178 4089 1005 4165 figuratetquidamfaciuntoperasuabone,utvidean·

177 4179 1006 4252 turabhominibus,quidametiamcoruscantmiraculis

179 4269 484 4342 quorumtamenvita
494 4268 1005 4340 meritoreprobatur(238)(sioutde

176 4359 270 4432 magis
280 4359 388 4433 legitur
396 4357 582 4428 Pharaonis),
591 4362 621 4412 et
631 4357 720 4412 etiam
731 4356 941 4426 Antichristus,
954 4358 1005 4431 qui

177 4449 286 4507 electos
297 4449 399 4516 etiam,
413 4447 437 4503 si
449 4447 512 4504 fieri
528 4449 634 4518 potest,
648 4445 929 4501 inducetmiracnlis
942 4447 1004 4502 suis
1061 4425 1204 4491 officium,
1220 4419 1364 4522 131⁰&qu
1430 4506 1435 4518 .
1555 4503 1561 4514 Ι
1654 4504 1693 4514 ..

1019 4491 1046 4556 D
1062 4515 1112 4570 ctii
1122 4502 1803 4578 surrexissetmrcamrssssapmmordrardemse
1819 4511 1891 4560 ente

176 4537 208 4592 in
224 4554 365 4606 errorem,
383 4537 420 4593 ad
434 4536 464 4591 id
476 4551 532 4591 nec
545 4551 636 4608 opera
647 4533 801 4590 sulllciunt
814 4534 878 4590 sola
892 4551 947 4590 nec
963 4535 1003 4590 si-

177 4641 245 4704 gna,
263 4627 314 4683 sed
330 4643 397 4682 cum
413 4624 472 4680 illis
487 4622 724 4697 precedentibus
748 4623 806 4680 ista
829 4623 1003 4693 succedunt,

176 4731 279 4772 rernm
289 4713 377 4771 nobis
387 4713 522 4786 praebent
534 4713 679 4768 indicium
690 4713 854 4768 sanctitatis
864 4731 871 4782 ;
883 4730 938 4770 neo
948 4713 1005 4770 im·

82 4857 84 4864 .
176 4805 282 4860 merito
299 4819 354 4859 nos
367 4802 403 4858 ad
418 4802 512 4874 ipsius
524 4802 744 4858 venerationem
761 4800 907 4858 inducunt
916 4817 1005 4874 quem

175 4895 397 4952 Dominussuus
408 4891 540 4948 ostendit
548 4890 701 4948 miraculis
711 4891 924 4948 venerandum.
937 4893 1004 4948 llaec

175 4981 1003 5055 autemduoexverbisllrangelistaepleniuscolliguntur,

174 5075 226 5131 ubi
238 5074 274 5130 de
288 5071 431 5145 apostolis
441 5070 568 5144 loquens
577 5071 618 5126 ait
630 5087 637 5126 :
649 5071 696 5126 Illi
711 5073 921 5142 mrtemprnsectt
927 5087 1005 5142 pre·

174 5165 304 5222 dicabant
318 5164 419 5233 ubique
433 5161 547 5216 Domino
558 5165 719 5232 cooperante
729 5165 754 5215 et
777 5177 925 5216 samonem
939 5177 1002 5218 ecn-

172 5259 299 5324 {trmonte
326 5251 500 5324 sequentibus
526 5252 612 5321 siquis
640 5253 736 5320 (llere.
759 5251 900 5321 xu1,20):
923 5252 954 5306 in
969 5269 1004 5308 eo

173 5358 304 5414 namque
320 5341 398 5415 quod
412 5340 454 5397 ait
467 5345 638 5410 cooperante,
656 5355 706 5395 eos
721 5343 858 5411 operatos
873 5355 938 5396 esse
953 5339 1004 5397 de·

174 5435 364 5502 monstrans3
379 5430 446 5486 etin
458 5447 492 5486 eo
502 5428 582 5501 quod
595 5429 906 5500 sequitursequentibus
920 5432 1005 5500 siquis

213 5574 300 5644 (237')
315 5573 386 5630 Vide
401 5573 561 5631 Darcnium
577 5571 614 5628 ed
629 5571 708 5630 diem
724 5574 756 5628 13
771 5573 927 5632 Novembr.

213 5643 289 5716 (238)
306 5644 376 5700 Vide
389 5650 475 5700 notas
490 5644 527 5700 ad
545 5645 658 5716 Lupum
674 5645 799 5714 Ferrea,
814 5661 880 5719 pag.
896 5648 959 5714 lul,
975 5651 1005 5702 et

1058 1101 1119 1153 ster
1133 1097 1289 1170 episcopus
1303 1102 1409 1165 vester,
1425 1095 1528 1154 multis
1538 1095 1608 1154 viris
1620 1095 1768 1170 religiosis
1779 1100 1809 1152 et
1820 1096 1891 1152 eliis

1058 1185 1192 1241 honestis
1204 1185 1340 1257 personis
1348 1185 1385 1241 de
1396 1201 1450 1242 sua
1465 1185 1584 1242 dioecesi
1599 1186 1768 1254 comitatus,
1779 1186 1891 1258 cujus-

1058 1273 1126 1330 dam
1137 1273 1216 1330 beati
1225 1274 1290 1343 viri,
1301 1279 1332 1330 et
1343 1290 1375 1330 re
1387 1278 1417 1329 et
1426 1275 1549 1330 nomine
1562 1272 1739 1343 Homoboni,
1755 1275 1848 1330 vitam
1860 1279 1892 1330 et

1059 1368 1142 1419 actus
1157 1379 1274 1419 necnon
1288 1367 1318 1418 et
1331 1363 1454 1418 modum
1478 1363 1621 1420 transitus
1643 1364 1708 1436 ejus
1732 1363 1892 1419 humiliter

1059 1453 1145 1508 nohis
1155 1453 1272 1523 aperuit
1282 1473 1290 1520 ;
1301 1451 1484 1524 inquibuset
1494 1457 1604 1510 sancta
1617 1453 1710 1525 ipsius
1723 1452 1894 1526 degustavi-

1058 1559 1125 1598 mus
1136 1541 1367 1598 conversationis
1378 1541 1670 1613 odorem,Deumque
1680 1541 1853 1598 mirabilem
1863 1547 1895 1596 et

1059 1632 1160 1687 omnia
1175 1647 1264 1703 opera
1276 1630 1342 1703 ejus
1356 1629 1389 1686 in
1402 1629 1461 1686 llde
1475 1631 1665 1704 cognovimns
1677 1631 1895 1702 etpraedicavi-

1060 1737 1127 1776 mus
1139 1719 1278 1794 gloriosa
1293 1719 1376 1776 Idem
1395 1719 1506 1776 etenim
1526 1725 1656 1788 sanctus,
1672 1725 1817 1791 tanquam
1832 1720 1894 1792 lig-

1060 1825 1132 1865 num
1148 1807 1226 1881 quod
1239 1809 1406 1880 plantatum
1421 1813 1466 1864 est
1477 1823 1562 1864 secus
1572 1808 1715 1866 decursus
1728 1825 1891 1880 aquarum,

1059 1898 1138 1970 quod
1153 1898 1282 1954 fructum
1297 1913 1384 1954 suam
1400 1895 1450 1952 dat
1463 1897 1495 1953 in
1510 1903 1643 1969 tempore
1659 1913 1722 1966 suo,
1734 1903 1825 1970 prout
1836 1915 1891 1954 eo·

1058 1987 1193 2044 rumdam
1209 1987 1297 2042 nobis
1311 1986 1436 2042 assertio
1451 1986 1529 2042 fecta
1543 1991 1604 2042 tam
1625 1987 1689 2044 viva
1712 2003 1781 2044 voce
1797 2005 1891 2058 quam

1059 2075 1528 2148 aliorumpluriunshonestorum
1539 2073 1647 2132 litteris
1657 2076 1892 2149 patefecit,adeo

1059 2167 1089 2221 in
1099 2167 1163 2239 lege
1172 2166 1289 2223 Domini
1300 2163 1500 2220 meditabatur
1511 2163 1559 2221 die
1573 2181 1608 2220 ac
1623 2171 1721 2233 nocte,
1734 2171 1769 2222 ut
1782 2166 1809 2222 ei
1826 2183 1894 2222 ser·

1059 2256 1140 2321 viens
1154 2257 1186 2312 in
1202 2257 1309 2312 timore
1324 2260 1353 2310 et
1362 2253 1526 2310 secundum
1536 2256 1716 2328 Prophetam
1727 2254 1894 2311 mediano-

1059 2351 1104 2401 cte
1120 2361 1244 2418 surgens
1259 2343 1296 2400 ad
1309 2343 1515 2400 confitendum
1530 2343 1568 2410 ei,
1592 2343 1748 2400 matutinis
1769 2361 1893 2416 sempor

1059 2435 1197 2492 laudibus
1211 2435 1380 2492 interesset.
1395 2435 1490 2490 llissae
1502 2451 1620 2506 quoque
1634 2435 1766 2491 olsscium
1776 2436 1892 2493 elalius
1973 2443 1974 2446 ’

1059 2529 1147 2584 horas
1163 2544 1229 2583 cum
1241 2543 1358 2584 summa
1368 2525 1524 2582 devotione
1534 2527 1739 2596 frequentans,
1756 2527 1797 2582 ita
1812 2529 1890 2584 assi-

1060 2618 1126 2673 duis
1141 2616 1326 2673 orationibus
1341 2613 1507 2684 insistebat,
1531 2619 1564 2670 ut
1579 2615 1610 2670 in
1625 2616 1714 2672 certis
1729 2615 1811 2671 horis
1836 2625 1892 2672 aut
1973 2605 1974 2622 ³

1060 2707 1244 2762 incessanter
1254 2708 1408 2762 oraretaut
1418 2705 1507 2760 horas
1516 2704 1596 2775 ipsas
1604 2704 1766 2776 aliquando
1776 2721 1891 2777 praeve-

963 2844 968 2854 .
1060 2797 1154 2862 niret3
1164 2795 1305 2852 nisilorte
1316 2795 1413 2868 ipsum
1425 2792 1606 2864 sollicitudo,
1616 2810 1705 2864 quam
1718 2811 1889 2868 superpaoc

1059 2883 1250 2942 reformanda
1258 2901 1312 2956 per
1320 2885 1469 2939 civitatem
1481 2887 1621 2953 tanquam
1629 2883 1775 2955 pacificus
1783 2885 1827 2940 vir
1835 2901 1892 2958 ge-

1061 2971 1892 3044 rebat,autocoasioeleemosynapropauperihusacqui·

1060 3063 1171 3130 rendre,
1184 3079 1236 3118 seu
1251 3061 1310 3118 alia
1321 3061 1404 3134 justa
1417 3075 1507 3118 causa
1517 3061 1548 3116 in
1561 3060 1628 3116 aliis
1640 3059 1779 3132 operibus
1792 3063 1891 3117 mise-

1060 3151 1196 3210 ricordiae
1212 3151 1369 3208 detineret.
1386 3150 1439 3216 Qui
1454 3149 1597 3206 nimirum
1612 3153 1682 3206 ante
1696 3165 1815 3206 crucem
1827 3152 1892 3206 Do-

1060 3241 1201 3301 miricam
1210 3255 1246 3296 ex
1254 3239 1699 3310 assuetudineseprosternens,
1709 3239 1891 3311 opusquod-

1060 3331 1134 3390 libet
1147 3329 1293 3400 iaciendo,
1304 3327 1421 3397 stando,
1433 3326 1574 3394 sedendo,
1581 3325 1723 3400 jacendo,
1734 3327 1892 3385 adoratio-

1060 3437 1129 3478 nem
1152 3420 1232 3477 labia
1254 3435 1371 3475 movere
1390 3416 1532 3472 continuo
1548 3416 1710 3472 videbatur.
1727 3418 1807 3474 Inter
1828 3419 1892 3476 alia

976 3560 981 3570 .
1060 3526 1127 3567 vero
1142 3509 1261 3582 pietatis
1277 3524 1367 3580 opera
1381 3523 1447 3578 qnae
1458 3509 1519 3560 tam
1545 3505 1623 3561 circa
1637 3522 1796 3580 pauperes‚·
1812 3524 1890 3580 quos

1060 3615 1161 3659 secum
1176 3599 1208 3654 in
1222 3598 1310 3656 domo
1324 3596 1445 3670 propria
1456 3593 1585 3662 tenebat,
1602 3594 1761 3652 curabatet
1774 3597 1890 3670 pariter

1059 3688 1247 3762 procurabat,
1263 3703 1354 3758 quam
1363 3685 1442 3742 circa
1450 3683 1525 3740 alios
1535 3683 1713 3758 indigentes,
1724 3683 1835 3756 quihus
1845 3686 1891 3742 ri-

1059 3779 1195 3836 ventihus
1209 3775 1404 3834 humanitatis
1415 3773 1557 3843 officium,
1574 3773 1700 3828 mortuis
1724 3773 1891 3851 sepulturae

1059 3869 1239 3928 beneficium
1254 3869 1447 3922 consueverat
1471 3861 1593 3918 devotus
1608 3861 1792 3934 impendere,
1819 3864 1892 3920 dili-

1059 3972 1176 4045 gentius
1186 3960 1642 4038 exercebat,ipseasaecularium
1654 3961 1894 4020 hominumcon·
1973 3955 1974 3960 ’

1060 4062 1151 4119 sortia
1163 4063 1342 4132 segregatus,
1357 4056 1436 4112 inter
1457 4070 1532 4126 quos
1555 4052 1668 4108 virebat
1689 4053 1774 4125 quasi
1788 4053 1891 4110 lilium

1060 4155 1139 4210 inter
1149 4153 1250 4225 spinas
1261 4148 1468 4206 hereticorum
1482 4161 1611 4217 quorum
1621 4145 1769 4216 pernicies
1784 4152 1889 4217 partes

1059 4247 1127 4303 illas
1148 4244 1251 4301 inlecit
1272 4247 1408 4299 austerus
1430 4238 1541 4296 exstitit
1555 4240 1739 4308 aspernator.
1755 4236 1890 4294 Deduoto

1059 4339 1159 4392 sutem
1170 4334 1212 4390 sic
1221 4332 1286 4386 vitm
1295 4335 1404 4387 sanctas
1413 4325 1571 4394 curriculo,
1582 4341 1649 4382 cum
1660 4324 1698 4382 ad
1709 4326 1890 4382 matitunale

1368 4409 1429 4474 tum
1441 4421 1495 4484 est,
1507 4416 1539 4471 in
1549 4413 1706 4472 festivitate
1717 4415 1813 4474 sancti
1825 4416 1892 4472 Bri-

1059 4619 1177 4660 cruoern
1189 4599 1373 4656 Dominicsrn
1384 4611 1466 4652 more
1477 4593 1564 4650 solito
1573 4591 1603 4648 in
1614 4592 1748 4648 oratione
1756 4597 1891 4664 proster-

1059 4707 1145 4760 nens,
1157 4689 1228 4746 dnm
1236 4691 1408 4744 cantaretur
1416 4683 1547 4754 hymnus
1558 4679 1719 4754 angelicus,
1728 4679 1815 4736 heato
1826 4680 1890 4736 line

1059 4779 1180 4852 quievit.
1194 4779 1351 4845 Qnaevem,
1362 4776 1436 4846 quot
1445 4774 1596 4841 etquante
1609 4767 1754 4826 miracula
1775 4767 1891 4824 luerint

1060 4879 1228 4944 subsecuta,
1250 4880 1280 4931 et
1300 4877 1372 4946 quot
1394 4867 1620 4928 advenientibus
1644 4866 1681 4924 sd
1695 4865 1889 4938 sepulchrum

1060 4970 1125 5042 ejus
1140 4965 1275 5024 sanitatis
1284 4959 1430 5019 beneficis
1440 4958 1501 5014 sint
1515 4957 1661 5028 impensa,
1673 4970 1753 5022 eum,
1764 4953 1889 5026 longum

1061 5059 1099 5113 sit
1112 5069 1288 5112 enumerare
1302 5069 1356 5126 per
1371 5047 1498 5122 singula,
1514 5061 1608 5102 unum
1620 5045 1700 5100 inter
1714 5047 1823 5099 cetera
1849 5042 1889 5100 ad

1060 5147 1255 5206 assertionem
1268 5141 1421 5200 catholica
1430 5137 1500 5194 fidet
1508 5133 1646 5191 duximus
1655 5131 1827 5206 expressius
1838 5148 1889 5188 an·

1060 5237 1233 5296 notandum.
1249 5235 1323 5290 Cum
1338 5230 1418 5288 enim
1434 5225 1570 5299 quedam
1585 5222 1768 5280 demoniaca
1778 5220 1891 5276 mulier

1059 5328 1097 5386 ad
1108 5326 1300 5400 sepulchrum
1312 5321 1376 5394 ejus
1384 5317 1512 5374 deducte
1520 5313 1637 5380 luisset,
1648 5328 1686 5370 ne
1694 5309 1796 5381 aliqua
1805 5309 1889 5366 fraus

1061 5419 1176 5486 lateret,
1188 5413 1294 5471 eadem
1304 5411 1401 5484 primo
1415 5407 1471 5463 luit
1485 5419 1563 5477 aqua
1576 5419 1638 5459 non
1653 5397 1811 5458 benedicta
1835 5415 1888 5454 re·
1973 5487 1974 5490 Ἴ

1058 5572 1144 5626 notas
1158 5561 1196 5621 ad
1206 5555 1365 5634 hgobard,
1380 5569 1446 5628 pag.
1462 5551 1496 5608 b'b
1512 5551 1542 5606 et
1557 5564 1641 5621 seqq.
