3956 6056
205 277 257 336 343

703 295 904 353 lNNOCENTII
922 298 961 353 lll
980 299 1035 353 PP.
1055 295 1290 354 REGESTOHUM
1310 295 1377 352 ale.
1397 297 1419 350 Ι.

1858 301 1914 356 344

205 405 268 462 heri
284 423 321 464 ne
345 407 497 470 diocesim
513 415 557 472 vel
580 417 735 476 ecclesiam
751 423 875 478 ltoscen.
892 422 1027 488 intraret,
1043 425 1076 492 Α
1092 436 1200 492 exque
1217 420 1254 476 ad
1269 437 1323 476 nos
1339 421 1394 476 etsi
1410 435 1471 477 non
1486 421 1584 489 verbo,
1600 421 1677 478 lacto
1701 427 1801 480 tamen
1824 425 1920 480 intel-

206 495 300 552 dcnec
317 499 343 554 ei
359 506 471 558 certam
494 505 621 562 solveret
643 509 690 565 vel
713 510 819 566 saltem
844 513 1032 584 promitteret

205 585 339 655 pecunie
355 591 636 659 quantitatemCum
651 604 749 654 autem
759 599 1032 673 postmodumami-

205 673 232 728 ci
248 675 313 747 ejus
328 683 437 748 prater
451 681 544 753 ipsius
560 688 785 758 conscientiam,
796 697 875 746 certa
890 692 952 763 regi
968 707 1032 746 mu-

204 777 278 819 nera
293 767 583 844 promisissent,ipse
598 776 634 830 ad
651 777 807 834 ecclesiam
822 796 905 835 suam
922 779 1035 835 admis-

205 867 265 920 sus,
282 853 312 908 in
326 870 361 909 ea
375 873 429 927 per
452 875 565 918 annum
590 863 748 922 dimidium
773 869 960 925 ministravit.
978 867 1034 923 Sed

204 955 272 995 cum
289 944 468 1012 promissam
484 949 521 1004 ab
545 953 648 1008 amicis
665 955 727 1010 suis
739 957 897 1027 pecuniam
914 957 1034 1012 noluis-

207 1034 252 1084 set
267 1033 428 1104 exsolvere,
443 1055 496 1094 rex
517 1040 563 1096 ira
576 1050 743 1101 commotus
758 1046 870 1102 decano
885 1041 1037 1103 mandavit

204 1124 237 1173 ut
252 1120 278 1174 ei
293 1127 493 1183 reverentiam
518 1130 692 1189 nullatcnus
716 1135 880 1192 exhiheret.
896 1137 950 1202 Qui
966 1136 1037 1196 licet

205 1207 283 1265 dicto
300 1212 506 1285 D.juramento
525 1225 678 1278 teneretur
692 1226 920 1296 astrictus,quia
936 1232 1035 1282 Omen

205 1296 243 1351 ab
260 1315 293 1354 eo
310 1317 363 1371 pro
379 1303 441 1360 lllio
457 1322 510 1362 suo
535 1308 631 1366 adhuc
653 1329 741 1384 parvo
762 1312 1035 1372 archidiaconatum

204 1400 265 1440 non
282 1389 379 1459 potuit
393 1392 539 1464 obtinere,
557 1398 661 1468 quinta
679 1399 754 1458 ferie
777 1401 899 1474 majoris
923 1401 1036 1458 hebdo-

204 1474 310 1544 madas,
328 1477 427 1535 oleum
444 1483 524 1553 quod
541 1484 677 1544 benedici
694 1489 839 1547 debuerat
852 1490 944 1546 iurari
957 1507 1035 1562 pras-

206 1565 352 1636 sumpsit;
370 1573 399 1622 et
415 1573 548 1641 quamvis
572 1583 693 1648 propter
708 1579 764 1634 hoc
779 1578 815 1635 eh
831 1595 865 1635 ec
880 1578 971 1634 luerit
984 1595 1033 1634 ex·

206 1653 487 1718 communicationis
508 1663 626 1721 vinculo
647 1666 818 1736 innodatus,
834 1667 1035 1724 nihilominus

206 1745 305 1798 tamen
321 1747 408 1802 tertia
422 1749 496 1806 teria
515 1754 689 1824 septimanae
704 1756 857 1827 sequentis
872 1757 1031 1813 lloscensis

205 1832 338 1889 ecclesie
351 1834 443 1893 libros
469 1840 617 1914 subripuit
638 1844 719 1900 etad
740 1862 840 1919 regem
863 1851 968 1902 contra
982 1847 1028 1918 ip·

206 1934 271 1974 sum
288 1937 319 1976 se
333 1926 493 1984 transserre
508 1930 632 1986 minime
647 1931 800 1991 dubitavit.
808 1936 938 2001 Quorum
952 1934 1026 1990 duo·

204 2024 271 2064 rum
287 2011 432 2070 molestiis
445 2015 584 2090 fatigatus
606 2025 715 2077 terram
740 2023 833 2094 ipsius
848 2023 925 2096 regis
941 2039 1027 2080 coac·

206 2101 252 2152 tus
268 2099 365 2155 exivit.
381 2103 506 2176 Propter
530 2107 610 2179 qnod
624 2126 642 2166 a
656 2112 742 2167 nohis
766 2110 804 2168 ad
828 2112 1028 2168 venerabilem

202 2185 326 2242 tratrem
342 2196 476 2250 nostrum
492 2195 616 2252 Feruen.
627 2200 798 2272 episcopum
813 2206 843 2256 et
857 2201 1029 2273 conjudices

204 2289 273 2330 suos
290 2275 402 2334 litteras
419 2281 649 2358 impetravit,qui
666 2294 863 2344 memoratum
878 2305 977 2362 regem
988 2289 1030 2344 di-

203 2361 343 2435 ligentius
355 2367 531 2426 inducerent
542 2378 570 2428 et
581 2381 738 2432 monerent
748 2383 781 2433 nt
790 2377 889 2450 ipsum
901 2378 964 2433 sine
975 2377 1029 2434 uli·

203 2449 289 2522 cujus
299 2455 452 2512 exactione
464 2460 599 2530 pecunias
615 2463 652 2519 ad
662 2464 820 2520 ecclesiam
831 2482 916 2522 suam
927 2482 1029 2522 secure

201 2539 299 2598 redire
308 2545 494 2614 permitteret
507 2549 831 2610 etadministrationem
843 2555 1031 2627 episcopatus

202 2633 261 2683 tam
277 2629 309 2685 in
324 2636 538 2705 temporalibus
549 2655 640 2710 quam
656 2643 862 2714 spiritualibus
878 2659 1031 2720 exercere;

202 2717 336 2789 alioquin
352 2737 420 2778 eum
436 2730 752 2788 excommunicationis
767 2733 883 2789 vinomo
910 2733 1033 2790 innoda-

201 2814 269 2862 rent
282 2813 311 2862 et
320 2814 429 2866 terram
441 2813 506 2886 ejus
518 2816 880 2891 subjicerentintcrdicto,
894 2827 1033 2878 neutram

201 2894 361 2953 relaxaturi
371 2903 926 2982 sententiamdoneesuperrecepticuc
939 2911 1033 2983 ipsius

202 2983 374 3041 mandatum
390 2991 586 3061 apostolicum
613 2997 792 3068 adimpleret
809 3016 816 3054 :
833 3005 1032 3056 memoratum

201 3087 319 3144 quoque
336 3075 523 3148 decanum,si
535 3082 579 3139 eis
595 3083 631 3140 de
647 3087 810 3158 praemissis
822 3093 982 3158 constaret,
995 3089 1031 3145 ab

1087 509 1189 582 ligitur
1199 525 1385 580 provocasse,
1398 514 1516 583 arrepto
1532 510 1639 566 itinere
1656 511 1694 566 ad
1709 511 1810 569 sedem
1825 530 1917 585 apos-

1088 597 1207 654 tolicam
1216 597 1445 668 veniendi,dictc
1453 597 1775 657 F.administraticnem
1788 604 1917 658 Roscen.

1089 687 1223 744 diaecesis
1239 689 1343 744 tamin
1368 687 1574 760 spiritualibus
1595 705 1685 760 quam
1701 691 1918 763 temporalibus

1089 778 1264 833 auctoritate
1286 776 1353 832 freti
1370 778 1532 849 apostolica
1549 778 1741 836 committatis
1755 797 1762 846 ;
1779 796 1837 851 (luo
1854 782 1918 836 cla·

1089 882 1154 938 pso,
1171 881 1237 921 eum
1254 881 1314 921 non
1331 865 1473 921 dilleratis
1488 865 1521 922 in
1536 867 1718 940 episcopum,
1735 868 1811 924 sicut
1825 885 1919 924 cano-

1090 953 1191 1010 nicum
1203 954 1302 1022 luerit,
1319 969 1503 1010 consecrare.
1516 955 1544 1010 Si
1558 971 1627 1011 vero
1644 955 1805 1027 predictus
1818 959 1852 1013 b.
1872 959 1920 1014 in-

1089 1049 1194 1101 ventus
1209 1043 1239 1098 in
1255 1043 1396 1100 Hibernia
1410 1049 1439 1099 et
1463 1044 1570 1100 citatus
1596 1045 1738 1117 legitime,
1754 1045 1834 1102 iufra
1857 1052 1919 1102 tres

1090 1147 1209 1188 menses
1224 1135 1319 1187 vestro
1342 1148 1374 1188 se
1397 1133 1569 1203 conspectui
1593 1133 1689 1188 denuo
1704 1135 1921 1206 contempserit

1090 1227 1280 1292 praesentare,
1296 1219 1333 1276 ad
1349 1221 1604 1278 consecrationem
1629 1219 1762 1292 praedicti
1778 1223 1823 1290 F„
1840 1223 1921 1278 sicut

1090 1308 1207 1364 dictum·
1216 1315 1269 1377 est,
1283 1310 1364 1366 omni
1381 1309 1613 1366 contradictione
1627 1315 1793 1384 postposita
1807 1327 1919 1383 procc-

1091 1396 1177 1453 datis.
1193 1401 1234 1453 Ne
1249 1402 1349 1455 autem
1366 1415 1421 1471 per
1435 1399 1644 1470 appellationis
1659 1397 1705 1455 vel
1719 1401 1919 1456 recusationis

1090 1486 1256 1542 subsidium
1270 1492 1368 1542 vester
1381 1488 1477 1559 possit
1490 1487 1626 1560 impediri
1642 1504 1808 1560 processus,
1822 1491 1919 1560 parti-

1090 1575 1146 1631 bus
1161 1591 1281 1632 omnem
1306 1575 1517 1648 appellationis
1532 1581 1562 1632 et
1584 1577 1780 1632 recusationis
1795 1577 1917 1649 penitus

1090 1663 1296 1722 interdicimus
1310 1665 1482 1722 facultatem
1495 1683 1503 1733 ;
1518 1683 1556 1722 ne
1569 1665 1859 1739 contingatlloscen.
1868 1683 1917 1722 ec·

1089 1753 1222 1822 clesiam,
1238 1770 1303 1826 qum
1328 1753 1390 1810 fere
1414 1753 1543 1809 triennio
1568 1754 1632 1827 jam
1653 1754 1775 1822 vacavit,
1802 1754 1917 1810 diutins

1085 1859 1186 1898 carere
1199 1847 1328 1913 pastore.
1338 1842 1381 1898 Ad
1395 1842 1469 1910 haec,
1484 1842 1578 1909 vohis,
1593 1841 1701 1898 iratres
1715 1842 1914 1914 archiepisco·

1082 1931 1123 2002 pi,
1139 1947 1192 2002 per
1205 1931 1414 2003 apostscripta
1427 1931 1604 1986 mandamus
1615 1936 1645 1986 et
1658 1930 1791 1986 districte
1806 1933 1916 2002 praeci-

1083 2021 1180 2092 pimus
1196 2036 1233 2075 ne
1248 2019 1358 2075 nobilis
1385 2018 1439 2074 viri
1461 2020 1577 2075 comitis
1603 2019 1638 2075 de
1664 2019 1843 2076 Mauritania
1868 2020 1916 2075 vel

1083 2109 1260 2180 cujusquam
1283 2108 1434 2164 saecularis
1457 2108 1613 2180 potestatis
1629 2108 1723 2182 gratia
1744 2108 1791 2165 vel
1805 2109 1916 2164 timore

1084 2199 1319 2270 praetermittatis
1334 2198 1460 2254 ulterius
1476 2198 1548 2269 quin
1563 2198 1675 2254 electos
1690 2198 1835 2253 canonice
1848 2214 1916 2253 con·

1085 2286 1229 2354 llrmetis;
1246 2287 1440 2354 conllrmatis,
1456 2291 1544 2358 prout
1559 2285 1596 2343 ad
1616 2303 1667 2342 vos
1689 2286 1833 2358 pertinet,
1852 2288 1915 2342 sine

1087 2373 1228 2430 dilatione
1246 2374 1379 2446 qualibet
1403 2375 1637 2432 consecrationis
1660 2374 1843 2430 beneficium
1861 2375 1915 2430 im·

1085 2463 1218 2535 pensari,
1234 2480 1271 2520 ne
1286 2464 1353 2536 plus
1367 2463 1526 2520 videamini
1542 2463 1657 2520 homini
1677 2479 1766 2535 quem
1782 2465 1845 2520 lleo
1861 2464 1912 2520 de·

1086 2553 1174 2609 terre.
1190 2553 1272 2618 Quod
1287 2553 1312 2608 si
1327 2569 1442 2621 omnes,
1460 2559 1527 2622 etc,
1541 2553 1602 2609 duo
1617 2557 1759 2620 vestrum,
1774 2557 1833 2609 etc.

1122 2643 1227 2697 Datum
1241 2643 1366 2710 Perusii,
1383 2659 1420 2697 xv
1434 2641 1497 2697 Kal.
1514 2641 1659 2698 Octobris.

1423 2731 1569 2787 CCCLXV.

1325 2835 1473 2876 acuinreus
1493 2837 1515 2876 s.
1536 2833 1669 2875 scisses.

1088 2909 1289 2979 Coaflrmcntur
1322 2909 1526 3034 consuetedpccs
1561 2923 1654 2964 corum
1680 2909 1862 2964 rctwnutilcs
1893 2917 1916 2965 et

1432 2997 1467 3035 un
1481 2993 1567 3050 vquae.

1285 3069 1420 3137 (Pemsii,
1435 3085 1462 3124 xi
1478 3069 1540 3124 Kal.
1555 3068 1711 3140 Octobris).

200 3160 298 3219 olllcic
314 3163 521 3240 beneficioque
536 3188 719 3245 suspensum
739 3177 776 3232 ad
797 3177 898 3234 sedem
914 3184 1031 3250 aposto·
1048 3165 1074 3233 C
1122 3159 1196 3214 cum
1210 3174 1228 3213 ἃ
1241 3157 1328 3213 ¹¹⁰bl⁵
1343 3158 1464 3229 Fssllllffv
1480 3163 1548 3226 θῐῦυ
1571 3174 1657 3228 “stlte
1670 3159 1708 3213 “tl
1725 3158 1839 3213 verbum
1864 3175 1916 3214 ³¹¹·

201 3248 290 3308 licam
314 3255 414 3312 venire
438 3261 660 3332 compellerent
686 3270 715 3319 et
730 3265 823 3322 donec
839 3267 1031 3338 resipisceret

201 3345 492 3403 excommunicatum
514 3349 649 3408 lacerent
662 3353 782 3424 publice
798 3356 940 3411 nuntiari.
955 3358 1033 3413 Prae·

200 3430 281 3482 terea
296 3435 400 3487 contra
410 3433 582 3508 episcopum
598 3439 752 3500 Corcaien.
762 3445 791 3497 et
804 3443 833 3498 F.
850 3445 1032 3501 monachum

197 3513 311 3573 litteras
335 3519 514 3592 impetravit,
527 3543 666 3586 asserens
691 3531 829 3588 eumdem
854 3534 1027 3606 episcopum

191 3605 264 3677 jura
278 3608 544 3671 Fescenecclesiao
560 3616 697 3676 detinere
712 3637 746 3676 ac
763 3621 902 3678 eumdem
916 3625 947 3679 F.
964 3640 1031 3679 mo-

197 3694 327 3752 nachum
340 3697 372 3753 in
396 3701 638 3761 archidiaconum
655 3712 685 3762 et
705 3707 830 3764 clericos
856 3726 963 3766 manus
980 3710 1031 3765 ia·

193 3781 304 3853 jecisse
320 3791 431 3844 temere
441 3789 746 3851 violentasCaeterum
757 3797 861 3853 eodem
878 3799 932 3854 Oa
944 3798 1033 3864 nohis

197 3887 268 3926 cum
282 3872 454 3946 hujusmodi
468 3879 575 3938 litteris
590 3883 761 3954 recedente,
776 3885 838 3942 lere
854 3893 923 3958 post
941 3889 1032 3943 trium

202 3959 351 4018 nicasium
376 3966 505 4035 spatium
529 3969 626 4026 dictus
650 3973 680 4027 F.
698 3975 863 4030 monachus
879 3975 916 4030 ad
933 3976 1035 4033 sedem

201 4049 396 4118 apostolicam
411 4057 537 4113 accessit
553 4063 582 4112 et
606 4075 640 4114 ex
652 4065 736 4131 parte
752 4066 849 4118 vestra
874 4062 961 4119 uehis
985 4064 1034 4120 lit·

201 4139 280 4192 taras
302 4143 494 4210 praesentavit
511 4161 517 4199 :
537 4163 580 4218 qu
593 4164 617 4201 ω
628 4147 757 4218 qualiter
770 4166 788 4205 a
801 4150 884 4206 vobis
907 4152 937 4207 in
952 4169 1034 4210 ccm-

198 4222 340 4292 missione
364 4231 506 4303 praedicta
516 4251 690 4307 processum
704 4236 811 4308 luerat,
829 4240 1033 4309 continebant,

200 4313 273 4370 Cum
286 4315 428 4376 fratribus
441 4321 531 4394 igitur
545 4324 658 4380 nostris
670 4325 773 4381 habito
788 4343 878 4399 super
892 4328 948 4386 hcc
963 4331 1033 4388 dili-

195 4406 275 4477 genti
287 4411 424 4478 tractatu,
439 4411 579 4469 timentes
591 4429 628 4470 ne
640 4415 716 4470 sicut
725 4415 1034 4488 predecessorncster

1076 3254 1223 3318 nuentes,
1246 3249 1282 3306 ad
1308 3246 1480 3304 instantiam
1507 3248 1607 3304 dilecti
1631 3247 1686 3304 sslii
1708 3247 1740 3304 G.
1756 3247 1793 3303 de
1819 3249 1915 3304 Labra

1086 3337 1263 3396 subdiaconi
1278 3337 1373 3393 nostri
1397 3337 1520 3393 rectoris
1544 3339 1653 3392 blesam
1681 3336 1854 3409 apostolicas
1869 3356 1913 3394 se·

1084 3426 1131 3485 dis
1158 3428 1258 3499 legati,
1287 3427 1426 3497 antiquas
1453 3424 1647 3482 rationabiles
1676 3430 1706 3481 et
1731 3426 1912 3497 approbatas

1085 3515 1318 3574 consuetudines
1342 3519 1453 3570 vestras
1470 3519 1499 3570 et
1515 3516 1659 3570 hactenus
1674 3514 1846 3570 observatas
1863 3532 1913 3571 an·

1086 3606 1220 3662 ctoritate
1237 3603 1318 3660 vobis
1333 3603 1496 3676 apostolica
1521 3603 1744 3671 confirmamus,
1761 3607 1818 3660 etc.
1832 3605 1912 3661 Nulli

1086 3699 1234 3769 ergc,etc.

1123 3784 1230 3838 Datum
1245 3781 1370 3850 Perusii,
1386 3797 1414 3836 xi
1430 3780 1493 3837 llal.
1511 3779 1654 3837 Octobris.

1419 3887 1578 3942 CCCLXVI.

1127 3993 1269 4044 cariruno,
1290 3991 1375 4032 cuano
1394 3991 1427 4032 ar
1446 3991 1550 4032 acauno
1569 3991 1624 4032 mu
1643 3992 1774 4032 sivimus
1793 3991 1873 4038 cusu

1318 4081 1446 4122 arcessis
1465 4079 1670 4120 cmnccamvan.

1087 4155 1124 4210 lle
1138 4155 1266 4209 electione
1280 4159 1305 4209 et
1320 4155 1517 4208 consecratione
1538 4154 1658 4224 episcopi
1678 4153 1910 4223 tettolcneensis.

1351 4241 1479 4314 (Datum,
1494 4247 1525 4296 ut
1538 4239 1644 4312 supra).

1122 4333 1162 4386 Ex
1173 4331 1280 4387 litteris
1289 4330 1503 4387 venerabilium
1513 4329 1638 4386 fratrum
1653 4335 1823 4386 nostrorum
1834 4331 1914 4387 Ard-

1086 4420 1256 4478 machan.et
1266 4419 1427 4476 Caesellen.
1439 4419 1741 4491 archiepiscoporum,
1755 4419 1868 4475 Oserien
1885 4425 1913 4476 et

199 4510 253 4564 per
267 4494 393 4566 litteras,
410 4516 484 4571 quas
499 4501 579 4558 idem
596 4504 660 4560 [tei
671 4511 910 4577 praesentaverat,
919 4506 1028 4566 dieitur
1043 4535 1069 4599 D
1087 4509 1204 4566 Darien.
1222 4509 1429 4580 episcoporum
1454 4513 1483 4564 et
1505 4508 1610 4564 vestris
1635 4508 1804 4580 accepimus
1829 4508 1912 4579 quod

197 4583 427 4657 circumventus,
443 4606 498 4646 nos
514 4591 602 4648 etiam
617 4593 825 4650 circumveniri
840 4597 1027 4671 contingeret

195 4687 249 4744 par
275 4672 389 4731 litteras
411 4680 616 4736 vestrasnobis
631 4681 785 4739 abeodem
795 4685 941 4742 monacho
953 4704 1030 4759 prse-

199 4769 343 4832 sentatns,
364 4767 497 4822 volentes
508 4769 605 4824 adhuc
617 4771 849 4828 misericorditer
859 4791 944 4847 agere
960 4792 1028 4832 cum

194 4853 335 4926 alisente,l
345 4861 378 4910 ut
397 4857 505 4929 atejus
521 4858 634 4916 malitia
648 4860 754 4917 lortius
767 4864 967 4930 scrivincatur,
983 4866 1028 4919 di·

194 4947 273 4998 ctum
292 4943 504 5000 F.monacbum
518 4947 553 5002 ac
564 4965 615 5005 vos
624 4952 823 5006 communiter
831 4951 969 5010 duximus
980 4971 1022 5010 re·

199 5032 1026 5115 mittendun1,lraternitativestrmpcrapostolicascripta

197 5121 329 5177 districte
344 5123 544 5196 preacipiendo
560 5128 736 5183 mandantes
752 5135 946 5199 qnaterius‚ec
964 5149 1025 5188 non

199 5208 429 5284 obstante,qucd
442 5213 506 5285 ejus
515 5213 571 5268 luit
581 5214 685 5270 electio
697 5217 881 5284 confirmata,
899 5219 1024 5290 saepedi-

196 5306 276 5354 ctnm
294 5302 325 5356 O.
343 5301 413 5355 siin
437 5301 577 5357 llihernia
600 5304 709 5374 poterit
736 5305 874 5374 inveniri,
891 5306 1022 5378 legitime

196 5387 293 5442 citetis
308 5389 344 5443 ud
360 5406 491 5458 cansam,
508 5396 537 5445 et
551 5390 690 5448 facultate
705 5393 759 5448 sibi
776 5395 960 5452 defensionis
975 5398 1022 5453 in-

1084 4597 1317 4654 Ecclesiavestra
1325 4601 1442 4669 pastore
1457 4602 1590 4665 vacante,
1601 4595 1842 4653 inreparabilem
1853 4597 1912 4654 l'ra·

1084 4693 1160 4742 trem
1170 4686 1754 4758 nostrum1.nuncepisc0pumvestrum,
1766 4688 1836 4742 tunc
1851 4701 1911 4742 au·

1083 4781 1143 4830 tem
1166 4774 1326 4830 llcssevall.
1343 4773 1492 4840 abbatem,
1518 4774 1702 4829 unanimiter
1715 4774 1909 4840 convenistis,

1082 4863 1258 4918 electionem
1271 4863 1307 4918 de
1318 4863 1381 4934 ipso
1391 4863 1533 4918 canonice
1544 4861 1738 4918 celebrantes.
1751 4861 1825 4928 Ouia
1840 4879 1909 4918 vero

1080 4951 1259 5008 venerabilis
1271 4951 1363 5008 lrater
1376 4957 1477 5008 noster
1491 4951 1650 5008 bublinen.
1666 4951 1909 5023 archiepiscopus

1080 5040 1327 5112 metropolitanus
1337 5047 1433 5096 vester
1445 5058 1462 5095 a
1474 5058 1528 5096 sua
1538 5039 1656 5096 dioecesi
1669 5045 1698 5095 et
1708 5039 1836 5096 ecclesia
1850 5057 1907 5095 ex-

1080 5130 1207 5196 sulabat,
1222 5146 1278 5186 nec
1290 5127 1357 5184 ideo
1373 5129 1409 5184 ad
1426 5145 1493 5184 eum
1510 5145 1599 5201 super
1614 5130 1669 5184 hoc
1683 5144 1836 5184 recurrere
1853 5145 1906 5199 po·

1080 5219 1368 5286 tuistis,electi0nem
1377 5223 1503 5274 vostram
1514 5217 1592 5272 dicto
1600 5217 1823 5288 archiepiscopo
1834 5217 1906 5272 Cas-

1078 5308 1256 5364 sellen.tunc
1265 5307 1434 5380 apostolicas
1446 5305 1630 5380 seilislegata
1639 5305 1793 5362 curavistis
1809 5306 1906 5362 humi·

1077 5398 1145 5453 liter
1167 5401 1368 5468 p1·aesentare;
1382 5396 1431 5468 qui
1455 5413 1520 5452 cam
1536 5397 1710 5452 auctoritate
1730 5411 1789 5466 qua
1803 5393 1905 5465 lunge·

195 5475 288 5544 delta,
305 5477 400 5532 solnm
417 5479 509 5534 lleum
536 5479 681 5537 hahentes
697 5499 756 5554 pras
773 5485 867 5540 oculis
887 5485 917 5540 in
933 5503 1022 5542 causa
1075 5487 1163 5542 hatur
1178 5487 1340 5558 apostolica
1355 5485 1551 5553 confirmavit,
1566 5483 1616 5542 sed
1639 5487 1761 5557 propter
1783 5489 1903 5540 contra-

196 5565 259 5636 ipsa
269 5567 410 5622 carronice
420 5569 682 5638 pi·ocedatis.Oucd
690 5573 714 5626 si
725 5572 824 5628 forsan
839 5575 868 5630 in
880 5575 1021 5632 llibcmia
1075 5577 1237 5631 dictionem
1248 5575 1413 5630 ademundi
1422 5575 1458 5630 de
1469 5572 1839 5630 Vallemclllcialisucbilis
1847 5575 1902 5628 viri

195 5654 332 5709 inventus
346 5670 407 5710 non
422 5655 521 5728 tuerit,
538 5657 654 5717 indulto
671 5661 697 5716 ci
714 5661 802 5719 unius
824 5665 895 5720 anni
911 5666 1018 5738 spatio,
1075 5665 1192 5724 comitis
1202 5665 1238 5721 de
1251 5663 1426 5723 Mauritania
1434 5663 1528 5722 electo
1540 5663 1597 5738 ipsi
1606 5663 1839 5723 consecrationis
1851 5679 1901 5721 no·
