3952 6056
182 159 236 260 ru
668 199 1003 259 inuocaummrr.
1023 200 1260 261 aaoasronun
1278 203 1345 262 ua.
1364 203 1386 260 1.
1857 195 1912 252 na

178 335 247 400 eta,
263 330 369 387 barum
394 332 508 398 tenore,
522 331 578 384 etc.
595 326 713 395 Quodsi
726 326 825 397 ambo,
842 331 910 398 eta,
927 325 1004 384 alter
1017 331 1047 400 Α
1061 329 1211 402 predictis
1221 329 1373 388 canonicis
1381 328 1510 403 eligendi
1519 343 1687 402 personam
1699 324 1912 402 idoneamaa·

181 424 323 488 restmm,
339 422 395 474 etc.
1061 419 1195 478 ctoritate
1206 424 1308 476 nostra
1317 419 1443 476 liberam
1450 413 1914 485 tribuaslacultatem3dictum·

218 511 336 578 Datum,
352 511 409 564 eta.
1062 523 1119 579 que
1139 509 1281 580 priorem,
1296 513 1329 563 ut
1343 507 1380 564 ad
1395 507 1558 564 claustrum
1572 505 1767 579 preadictum
1793 501 1914 570 redeat,

539 593 655 660 CXClll.
1062 613 1116 670 per
1131 611 1289 653 censuram
1299 596 1531 652 ecclesiasticam
1541 593 1757 668 appellatione
1770 595 1915 648 cessante

462 699 576 740 ruscea
596 699 727 741 nrrsooro
1063 686 1362 758 compellas;etcum
1373 685 1496 757 antiqua
1504 685 1543 740 sit
1556 684 1655 757 ipsius
1672 679 1826 738 Ecclesiae
1843 695 1917 734 con·

289 776 369 832 Inita
383 775 533 830 concordie
551 775 720 844 confimatio
740 773 900 846 apostolica.
1064 774 1190 832 suetudo
1204 780 1234 831 et
1245 774 1410 849 approbata
1424 779 1458 830 ut
1470 774 1502 829 in
1519 772 1649 848 singulis
1666 769 1785 828 oillciis
1811 768 1918 840 singu-

445 861 542 934 (llpud
557 862 585 917 S.
602 862 746 935 Petrum.)
1064 865 1101 920 lat
1113 880 1248 937 persona
1259 868 1487 936 ponanturque
1495 859 1668 917 ordinanda
1676 857 1798 913 videris
1810 860 1918 912 aucto-

218 953 309 1012 Justis
325 951 501 1026 petentium,
518 955 585 1020 ete,
602 951 734 1021 usquead
748 951 859 1006 cabum
874 963 1008 1006 assensu.
1065 955 1153 1010 ritate
1171 957 1275 1009 nostra
1285 949 1540 1026 disponsationis
1550 948 1664 1006 litteris
1678 945 1807 1004 veritati
1823 949 1855 1000 et
1865 943 1917 1017 ju·

187 1041 438 1115 Compositionem
449 1056 539 1112 super
549 1039 667 1094 abbatia
677 1037 810 1094 belliloci
822 1039 920 1110 quoad
931 1038 1012 1093 vixe·
1067 1043 1155 1100 stitia
1168 1058 1251 1114 pm,
1265 1047 1323 1102 ¹<aaa

185 1133 227 1189 ris
238 1128 499 1198 ordinanda,intcr
509 1133 537 1183 te
549 1143 584 1184 ex
594 1143 654 1183 una
666 1133 749 1200 parte
758 1133 787 1184 et
797 1127 922 1184 dilectos
933 1127 1011 1184 illios
1103 1133 1362 1204 naturarumque,
1379 1129 1479 1186 aldus
1495 1127 1561 1185 llaii
1588 1132 1649 1184 etc.

187 1220 341 1278 Alesmum
363 1218 502 1275 abbatem
524 1216 775 1286 calmontensem,
801 1217 965 1274 Robertnm
985 1221 1014 1272 et
1427 1227 1529 1282 cxcv,

187 1309 358 1367 Gerrasium
373 1305 945 1364 canonicospremonstraten.nomine
961 1305 1013 1361 ab·
1068 1325 1241 1366 xancrouan.
1268 1326 1301 1367 nr
1328 1325 1399 1365 trac.
1424 1325 1455 1363 r.
1483 1319 1715 1363 raralsonrcan.
1748 1315 1915 1359 ancarana.

187 1399 264 1457 batis
280 1402 309 1456 et
321 1396 411 1453 tatius
427 1401 589 1452 conventus
603 1395 1013 1467 Pramonstraten.apudEc-
1282 1399 1413 1471 Ejusdem
1431 1400 1489 1467 fere
1511 1395 1683 1466 argumenti.

187 1487 310 1544 clesiam
326 1488 490 1543 Romanam
506 1489 626 1558 agentes
639 1501 675 1540 ex
686 1484 791 1552 altera,
804 1501 857 1557 per
872 1484 1015 1540 dilectum
1155 1545 1156 1550 ,
1266 1489 1313 1551 (Ut
1336 1503 1431 1559 sopra,
1453 1503 1481 1541 vr
1507 1484 1571 1540 llal.
1595 1481 1709 1554 Iunii.)

191 1575 287 1632 lilium
303 1576 330 1630 S.
347 1574 393 1630 tit.
410 1573 526 1630 Sanctae
542 1573 682 1630 Praxedis
697 1573 904 1646 presbyterum
920 1571 1017 1630 cardi·
1107 1577 1188 1633 Inter
1202 1593 1247 1644 ea,
1262 1582 1391 1648 utsupra
1405 1574 1667 1646 usqueaduarbum
1684 1569 1827 1627 sanitati.
1837 1568 1915 1624 lusi-

191 1665 291 1722 nalem
302 1663 338 1720 de
348 1661 488 1720 mandato
498 1661 661 1733 apostolico
670 1660 861 1730 celebratam,
869 1662 945 1718 sicut
953 1661 1017 1717 sine
1032 1669 1059 1736 Β
1072 1665 1235 1723 ouantibus
1251 1664 1396 1736 siquidem
1413 1663 1499 1719 nobis
1514 1661 1565 1718 dil.
1583 1660 1658 1716 tiliis
1683 1657 1853 1716 monachis
1878 1656 1913 1712 de

192 1753 335 1828 pravitate
360 1749 494 1823 qualibet
516 1750 594 1806 facta
618 1754 672 1817 cst,
690 1754 719 1804 et
741 1749 778 1804 ab
794 1755 920 1820 utraque
935 1755 1019 1821 parte
1071 1756 1230 1812 Brontomo
1243 1759 1344 1810 nostro
1354 1751 1598 1824 luitapostolatui
1610 1747 1822 1818 declaratum,
1833 1743 1912 1818 quod

197 1847 326 1914 recepta,
341 1845 371 1896 et
388 1839 419 1894 in
435 1838 570 1912 ejusdem
583 1838 744 1894 cardinalis
759 1838 929 1895 authentico
955 1839 1020 1911 ple-
1072 1861 1139 1902 curn
1151 1844 1249 1900 abbati
1261 1859 1314 1899 suo
1325 1842 1430 1898 domus
1441 1841 1798 1910 dominium,etc.,asque
1807 1836 1845 1892 od
1857 1852 1914 1890 uer-

197 1932 268 1988 nius
281 1933 460 1997 continetur,
475 1927 650 1985 auctoritate
674 1927 837 2000 apostolica
862 1929 1020 1984 confirma·
1073 1935 1135 1991 bum
1150 1933 1320 1990 facultatem
1333 1949 1340 1997 ς
1354 1937 1465 2002 eccepto
1491 1930 1565 2002 quod
1587 1930 1637 1985 abi
1657 1929 1795 2000 superias
1810 1925 1913 1981 dietum

135 2071 139 2089 .
198 2035 275 2076 mus·
292 2017 370 2074 Nulli
387 2033 466 2088 1180,
484 2021 539 2074 etc·
1072 2031 1110 2080 est
1125 2021 1472 2090 canonicare,bicdicitur
1483 2021 1547 2076 sine
1559 2017 1691 2074 fratrum
1709 2030 1843 2074 assensa
1851 2028 1915 2068 mo-

231 2109 337 2164 Dattlm
353 2109 453 2164 Romae
468 2105 546 2178 apud
563 2105 703 2162 Sanctum
718 2106 849 2163 Petrum·
1072 2113 1220 2179 nachare;
1238 2115 1267 2166 et
1282 2126 1349 2166 cum
1365 2110 1488 2182 antiqua
1503 2109 1541 2164 sit
1556 2107 1651 2180 ipsius
1669 2103 1830 2172 Ecclesia,
1842 2107 1909 2168 etc,

552 2211 669 2270 CXCIV.
1072 2203 1201 2273 usquein
1218 2204 1299 2271 mem
1314 2205 1453 2270 utsupra.
1470 2197 1565 2256 Nullis
1580 2196 1707 2265 litteris,
1723 2199 1796 2262 eta,
1812 2198 1843 2248 ut
1864 2206 1909 2247 sa·

444 2317 619 2358 xanctonen.
641 2316 772 2357 arrscoro
1068 2307 1135 2363 pra·
1657 2287 1659 2290 ’

285 2394 318 2450 Ut
328 2393 411 2463 prior
424 2391 457 2447 aa
474 2393 557 2446 Prata
576 2391 749 2462 dilapidator
768 2391 931 2463 deponatur,
1108 2381 1225 2449 Datum,
1243 2384 1353 2448 cto.,v1
1369 2376 1491 2435 Kalend.
1506 2376 1596 2433 lunii.

428 2480 475 2550 (Ut
489 2495 585 2552 supra,
601 2495 620 2536 u
641 2480 682 2536 ld.
699 2480 790 2549 Maii.)
1425 2477 1541 2533 CXCVI.

228 2573 310 2627 lnter
321 2585 356 2626 ea
367 2585 422 2642 per
432 2585 498 2641 quae
514 2573 607 2625 status
619 2569 759 2625 Ecclesia
774 2568 902 2636 vacillat,
912 2569 1021 2641 saepius
1150 2585 1247 2625 aaran
1266 2583 1298 2623 nr
1317 2583 1466 2623 ratramus
1485 2581 1828 2622 rnmvousrnnraustnus.

196 2661 241 2716 est
252 2675 341 2714 causa
351 2658 449 2730 potior
464 2657 579 2712 incuria
594 2673 646 2712 seu
661 2658 829 2729 perniciosa
841 2656 1022 2730 negligentia
1077 2659 1110 2713 Ut
1122 2658 1271 2728 disciplina
1284 2657 1434 2712 monasam
1449 2657 1613 2722 observetur,
1627 2661 1654 2710 et
1679 2655 1759 2726 qaod
1778 2654 1908 2726 pondsec

197 2748 399 2821 prelatorum.
414 2748 485 2802 Nam
501 2761 569 2802 cum
583 2745 660 2801 torte
674 2751 765 2818 caput
777 2751 822 2802 est
835 2745 1020 2819 languidum,
1314 2762 1372 2800 eam
1386 2761 1440 2800 oon
1456 2746 1521 2800 stelit
1536 2745 1658 2800 turbare.

198 2841 378 2892 estneoesse
398 2835 477 2905 qnod
505 2833 639 2890 membra
662 2834 845 2908 langueant:
861 2839 892 2891 et
914 2834 1022 2891 inlecta
1305 2835 1353 2906 (Ut
1367 2850 1462 2906 supro,
1481 2849 1498 2888 v
1518 2833 1563 2890 ld.
1579 2832 1672 2904 blaii.)

197 2923 294 2979 morbi
310 2922 447 2996 contagia
460 2939 515 2978 nec
530 2921 697 2978 fomentum
721 2922 877 2980 medendis
900 2925 1024 2996 capiunt
1110 2926 1208 2996 Usque
1216 2923 1352 2980 adconos
1363 2921 1765 2995 etpraedecessoresnostros
1776 2921 1907 2992 ilagrans

195 3027 252 3068 nec
262 3011 396 3084 pristina
408 3016 533 3083 possunt
542 3010 579 3066 de
589 3010 670 3066 iacili
680 3013 796 3067 restitui
808 3011 1020 3069 sanitati.Sane
1035 3041 1060 3108 G
1075 3011 1229 3086 religionis
1243 3017 1347 3068 vestrm
1360 3011 1439 3068 lama
1453 3011 1606 3082 respersit,
1619 3015 1654 3066 ut
1669 3011 1769 3066 odore
1785 3009 1907 3064 sincera

190 3100 297 3176 dilecti
313 3100 368 3156 lilii
381 3115 527 3172 pauperes
538 3099 672 3156 canonici
688 3100 725 3156 de
740 3101 827 3156 Proto
842 3101 1019 3173 apostolatui
1075 3102 1225 3174 opinionis
1247 3107 1351 3157 vestrm
1376 3101 1407 3156 in
1432 3099 1557 3156 Domino
1572 3099 1733 3167 delectati,
1751 3114 1842 3170 super
1862 3095 1908 3151 his

195 3189 806 3262 nostrosignillcarecurarunt,quodeum
822 3191 926 3246 Petrus
941 3207 1021 3246 nunc
1071 3208 1137 3263 qua
1154 3191 1267 3248 avobis
1283 3189 1479 3246 incommuni
1502 3188 1642 3244 abbatum
1668 3187 1769 3245 vestri
1792 3184 1911 3243 ordinis

196 3279 278 3352 prior
287 3279 420 3351 ipsorum
431 3277 504 3334 olim
520 3278 550 3333 in
566 3277 810 3334 Grandimontem
824 3279 955 3336 Ecclesia
967 3279 1020 3335 sub
1072 3279 1201 3353 capitulo
1214 3284 1393 3346 statuuntur,
1401 3278 1458 3334 nisi
1471 3277 1515 3334 rel
1526 3277 1632 3333 honori
1642 3283 1754 3334 nostro
1765 3275 1810 3330 rel
1818 3273 1904 3347 justi·

195 3367 350 3442 religionis
361 3367 466 3424 habitu
476 3383 630 3440 perennes
640 3366 786 3440 plurimos
797 3369 1021 3440 permansisset,
1072 3370 1121 3426 liet
1136 3369 1267 3441 apertius
1279 3366 1622 3435 obviarent,nullatenus
1635 3364 1818 3422 dubitemus
1833 3364 1902 3434 quin

198 3464 311 3514 arctam
323 3456 444 3513 modam
454 3456 588 3513 devitans
598 3456 742 3530 regulam,
753 3457 791 3514 ad
801 3456 876 3514 ollas
886 3457 1022 3516 carnium
1073 3457 1111 3514 ad
1135 3473 1171 3514 ea
1194 3455 1359 3514 secundum
1383 3457 1476 3512 Deum
1492 3461 1521 3512 et
1536 3459 1766 3512 statutavestra
1785 3455 1909 3508 rectem

198 3546 296 3604 redire
309 3545 401 3601 voluit
417 3551 447 3602 et
458 3544 569 3602 oblitus
580 3546 639 3602 voti
651 3545 730 3618 quod
740 3546 860 3614 lecerat,
872 3547 909 3602 ad
933 3562 1023 3602 cano-
1074 3545 1293 3602 rationabiliter
1302 3542 1480 3616 procedatis.
1490 3543 1566 3599 Sane
1581 3559 1649 3599 oum
1664 3541 1903 3615 praedecessores

199 3637 283 3692 nicos
294 3650 326 3692 se
339 3634 491 3691 transtulit
503 3635 653 3708 regulares
674 3641 702 3692 et
716 3635 747 3691 in
762 3635 827 3708 ipsa
841 3634 973 3692 Ecclesia
986 3636 1023 3692 de
1074 3635 1169 3692 nostri
1183 3634 1308 3691 Romani
1319 3632 1477 3705 pontifices
1492 3631 1590 3688 ordini
1605 3636 1705 3689 restro
1721 3627 1906 3704 privilegium

200 3725 286 3780 Prata
301 3720 394 3777 voluit
407 3721 476 3793 eligi
492 3721 523 3776 in
538 3721 680 3793 priorem.
696 3723 829 3794 Cumque
844 3722 951 3780 domus
966 3717 1024 3780 ‘sibi
1076 3722 1258 3779 indulserint
1269 3720 1399 3793 speciale
1414 3725 1445 3776 et
1456 3719 1577 3791 speciali
1594 3734 1717 3789 semper
1738 3717 1835 3793 gratia
1859 3729 1906 3768 ros

199 3810 365 3874 dominium
389 3809 584 3866 commissum
601 3811 666 3883 jam
682 3818 761 3867 esset
774 3827 792 3867 a
803 3811 958 3881 iratribus,
973 3813 1024 3869 de·
1074 3811 1188 3868 suerint
1196 3809 1357 3881 prosecuti,
1373 3808 1404 3862 in
1416 3807 1462 3863 bis
1483 3824 1548 3879 quae
1559 3807 1595 3862 ad
1607 3808 1829 3864 correctionem
1849 3803 1907 3857 lra-

199 3899 361 3956 bacchatnr
375 3899 406 3953 in
420 3913 539 3971 gregem
556 3898 708 3956 subditum
724 3916 780 3956 nec
799 3900 921 3957 illorum
947 3900 1025 3958 bona
1076 3907 1155 3958 trum
1166 3905 1331 3956 vestrorum
1346 3899 1499 3971 pertinent
1512 3915 1563 3954 vos
1575 3915 1636 3954 non
1651 3896 1841 3955 intendimus
1857 3909 1905 3964 ag-

199 3986 365 4044 distrahere
378 3986 574 4058 pertimescit,
586 3986 638 4042 sed
653 3988 734 4043 solus
756 3987 872 4060 lugiens
899 3989 1024 4046 fratrum
1076 4005 1196 4063 gravare
1209 3988 1369 4060 quominus
1382 3988 1413 4042 in
1424 3985 1632 4059 delinquentes
1643 3983 1906 4044 exerceatislibere

199 4091 335 4131 mensam
350 4080 439 4145 atque
451 4074 622 4148 collegium,
637 4075 674 4132 ab
688 4076 808 4132 illorum
823 4077 944 4148 quidem
955 4093 1026 4132 con·
1077 4069 1906 4148 canonicamdisciplinam.Praeseutataesiquidemnobis

199 4163 290 4220 sertio
304 4179 335 4219 se
346 4162 444 4219 reddit
456 4163 565 4236 sapius
576 4162 811 4220 alienumUnde
820 4165 946 4237 quisque
958 4181 1026 4236 pas·
1076 4167 1198 4223 luerunt
1211 4181 1246 4221 ex
1256 4171 1340 4237 parte
1354 4169 1452 4220 vestra
1461 4163 1540 4218 bina
1554 4162 1696 4232 littereas
1707 4161 1779 4220 sede
1795 4162 1906 4233 aposto·

200 4253 256 4308 sim
267 4252 304 4308 ad
315 4251 434 4307 libitum
445 4253 567 4324 impune
578 4257 676 4324 potest
687 4253 829 4310 excedere
845 4258 874 4309 et
889 4254 931 4310 sic
950 4255 1028 4325 perit
1078 4255 1136 4312 lica
1160 4254 1284 4310 dirersis
1309 4252 1494 4325 temporibus
1516 4252 1683 4324 impetrata
1702 4269 1710 4308 ε
1727 4253 1759 4308 in
1781 4259 1903 4323 quarum

200 4344 341 4398 lrouestas
352 4341 476 4409 ordinis,
488 4357 638 4412 perquam
653 4341 736 4398 locus
756 4340 828 4398 olim
840 4341 991 4410 floruerat,
999 4348 1028 4398 et
1078 4342 1276 4416 primisbonae
1283 4337 1906 4412 memorieCoelostinnspapaprmdecessor

200 4431 399 4503 vilescitjquod
408 4431 530 4486 charum
539 4431 1024 4504 omnibusreligionislhospitalita-
1039 4409 1065 4476 D
1081 4438 1184 4487 noster
1194 4431 1374 4487 sententiam
1385 4445 1473 4500 quam
1487 4428 1518 4482 in
1529 4427 1706 4484 Balduinum
1718 4427 1901 4498 etllugcnem

201 4523 298 4592 lisque
310 4519 403 4592 gratia
413 4519 615 4592 praepollebat.
626 4520 806 4593 Adjecerunt
816 4522 939 4593 iusuper
949 4520 1027 4592 quod
1082 4519 1266 4591 ejussocium
1278 4516 1412 4572 tuleratis
1424 4521 1518 4571 ratam
1530 4515 1643 4570 habens
1654 4521 1683 4571 et
1697 4515 1800 4572 rolens
1810 4509 1902 4566 invio·

203 4628 269 4667 eum
281 4612 388 4667 domus
402 4610 478 4664 bona
489 4609 661 4678 delicerent,
669 4611 769 4682 plures
782 4610 894 4666 ibidem
905 4611 1028 4666 canoni·
1081 4608 1213 4664 labiliter
1224 4607 1385 4674 observari,
1394 4605 1477 4661 vobis
1488 4604 1648 4661 mandabat
1658 4610 1691 4660 ut
1699 4609 1838 4662 neutrum
1850 4613 1900 4654 eo·

203 4716 270 4755 care
287 4699 488 4771 presumpsit.
500 4698 601 4754 Laicos
612 4699 700 4755 ctiam
714 4706 817 4756 contra
835 4699 1027 4771 approbatam
1081 4714 1149 4754 rum
1163 4697 1360 4754 admitteretis
1380 4695 1417 4751 ad
1442 4695 1626 4750 consortium
1641 4699 1782 4760 vestrum,
1798 4691 1902 4762 praeter

200 4788 339 4844 Ecclesia
350 4786 600 4844 consuetudinem
611 4788 721 4844 multos
733 4789 886 4844 intrudere
901 4803 961 4842 non
977 4803 1028 4843 ex·
1083 4787 1256 4844 mandatum
1268 4787 1347 4842 sedis
1359 4785 1530 4857 apostolica
1542 4783 1683 4855 speciale:
1697 4783 1755 4838 nisi
1763 4781 1862 4838 forsan
1873 4773 1899 4826 in

201 4878 293 4950 pavit;
307 4873 447 4948 sedquod
463 4874 499 4931 ab
515 4876 558 4931 eis
573 4875 670 4932 fuerat
685 4877 841 4950 elargitum
857 4891 918 4932 non
932 4881 1029 4932 trans-
1083 4883 1200 4935 tantum
1210 4878 1246 4933 ad
1257 4875 1444 4932 rosincorde
1454 4874 1582 4930 contrito
1595 4879 1624 4929 et
1634 4864 1899 4946 spirituhumiliato

203 4965 303 5023 fundit
313 4965 344 5020 in
355 4963 560 5020 ususfratrum
572 4963 1030 5038 egentium,scdmaleacquisita
1083 4966 1269 5036 accederent,
1281 4965 1361 5037 quod
1371 4980 1474 5021 eorum
1487 4962 1647 5035 postulatio
1663 4963 1744 5019 vobis
1758 4957 1901 5015 rideretur

200 5055 288 5127 juxta
298 5059 413 5111 motum
424 5053 551 5126 propriae
562 5053 722 5111 voluntatis
733 5054 881 5128 expendit.
890 5055 1029 5110 uolentes
1082 5051 1517 5114 misericorditeradmittenda.
1525 5051 1633 5107 lnaliis
1644 5068 1711 5108 vero
1722 5037 1898 5106 universitati

203 5143 293 5216 igitur
317 5147 350 5199 ul
370 5141 460 5199 arbor
479 5141 590 5197 sterilis
602 5149 775 5215 occupatam
793 5143 904 5198 diutius
919 5149 1029 5199 terrem
1082 5127 1899 5205 vestraemandavitutmemoratumBalduinum,nullela·

99 5298 103 5306 .
209 5232 351 5299 detineat,
367 5229 545 5286 fraternitati
572 5235 626 5286 tua
652 5249 706 5304 per
730 5232 892 5303 apostolica
920 5232 1029 5304 scripta
1084 5239 1130 5292 eta
1141 5229 1896 5302 mantionedeordinisdisciplina‚investrumcon·

204 5321 382 5376 mandamus
395 5324 542 5391 quatenus
564 5318 600 5374 de
622 5319 743 5376 veritate
757 5321 968 5392 praedictorum
984 5321 1030 5376 in·
1084 5321 1374 5380 sortiumadmittere
1384 5319 1558 5376 nallatenus
1571 5313 1895 5382 dillerrctis.Quiarero,

205 5407 323 5479 quirere
336 5423 396 5464 non
406 5411 588 5479 postponas,
604 5413 634 5464 et
650 5407 674 5464 si
688 5425 750 5464 rem
765 5408 882 5466 noveris
896 5409 939 5464 ito
953 5424 1028 5476 esse,
1084 5411 1383 5468 sicutveslraelitterae
1389 5393 1894 5482 continebiminiejectionepreaic·

204 5495 303 5568 ipsum
327 5493 364 5552 ab
389 5493 648 5554 administratione
672 5496 822 5570 prioratus
845 5512 984 5556 amoveas
1001 5503 1030 5554 at
1083 5500 1220 5557 torumB.
1232 5500 1343 5556 etll.et
1355 5499 1504 5556 fautorum
1521 5511 1624 5554 eorum
1635 5493 1777 5556 exsulavit
1789 5505 1807 5545 a
1819 5480 1893 5540 robis
