3918 6014
153 233 238 274 lelll

809 199 1009 272 muscaria
1027 217 1066 273 111
1083 219 1188 276 aare

1774 241 1871 285 CXXIV

187 369 253 427 le.
271 369 443 427 Patriarcbae
457 381 534 436 vcro,
552 366 600 437 qui
614 380 680 423 eum
695 380 779 436 snper
794 365 905 424 dnobus
928 385 975 424 ar·
990 372 1065 440 ΑΒ.
1081 374 1203 444 priorem
1217 373 1395 446 Pisonorum,
1407 373 1540 431 nuntium
1562 379 1651 444 tuum,
1668 377 1870 453 imperatoria

152 459 249 517 ticuiis
271 459 464 526 consuluerat,
488 455 634 526 rescripsit
658 455 711 512 boc
740 457 825 512 modo
849 471 857 512 t
881 455 975 512 Potri-

152 550 246 606 aretae
267 545 569 616 Constantinopolitano
591 545 747 614 apostolicos
772 543 843 600 sedis
863 547 974 617 prima

154 643 197 694 tus
213 639 268 708 (27)
284 647 336 694 cto.
353 637 417 691 bat.
434 635 578 704 Laterani,
594 649 614 688 rr
630 633 667 690 id.
686 632 854 691 Nouembris.

191 727 272 783 billi.
289 729 358 780 crim
374 731 467 780 nutem
483 723 636 794 imperator
651 729 678 778 et
691 722 852 793 patriarcha
867 721 975 780 litteras

154 816 315 887 hujusmodi
330 813 515 883 recepissent,
530 819 557 867 ct
572 827 619 868 ees
634 811 687 868 sibi
703 811 837 867 fecissent
852 811 976 883 diiigen-

152 913 194 962 ter
215 904 330 975 exponi,
353 917 411 958 non
434 901 585 956 minimum
610 900 762 958 doluerunt
787 901 823 957 dc
846 901 889 956 bis
912 917 974 972 qne

149 994 228 1064 prius
252 993 426 1064 scripserant
449 991 640 1061 pmnttentcs3
666 990 800 1059 quoniam
818 990 976 1060 imperator

150 1099 184 1139 cx
200 1081 390 1155 promissione
404 1093 454 1134 sua
469 1077 658 1149 cognoscebat
668 1093 698 1134 sc
708 1077 875 1148 obligatum,
887 1077 974 1151 quod,

151 1187 217 1230 cum
233 1171 377 1226 Romanus
393 1167 518 1239 pontifex
532 1172 701 1222 convocaret
715 1167 871 1223 concilium
886 1182 975 1237 gena·

148 1260 220 1327 reis,
235 1261 295 1330 ipsc
310 1257 430 1313 debebat
445 1255 610 1312 Graecorum
637 1255 792 1311 Ecclesiam
818 1256 851 1310 ad
877 1258 975 1312 conci·

149 1349 220 1406 lium
237 1348 392 1411 destinare,
406 1352 507 1401 statuta
522 1344 636 1400 concilii
652 1351 838 1415 recepturam.
856 1345 976 1401 Patriae-

147 1439 202 1494 oba
217 1452 293 1498 roro,
308 1451 341 1489 ex
359 1431 595 1504 responsionibus
618 1432 782 1502 apostolicis
807 1447 891 1504 snper
915 1433 975 1489 suis

147 1520 404 1582 consultationibus
419 1521 512 1587 iactis,
531 1519 722 1589 cognoscebat
736 1535 777 1587 ss,
790 1527 847 1575 tans
858 1519 974 1576 rationi·

149 1619 213 1681 bus,
229 1625 313 1682 quam
329 1607 555 1675 auctoritatibus,
579 1614 753 1664 coarctatum
777 1608 812 1662 nd
836 1608 973 1664 obedien·

148 1703 216 1760 tiam
227 1701 358 1758 ,nomano
382 1696 511 1768 pontiflci
525 1696 727 1752 exhibendam.
742 1700 897 1769 imperator
918 1696 972 1768 igl-

145 1796 204 1862 tur,
221 1788 315 1844 habito
330 1801 396 1843 cum
413 1785 518 1842 Graecis
532 1784 616 1856 longo
631 1785 763 1854 consilio,
778 1785 813 1841 ad
836 1785 971 1842 ultimum

147 1881 190 1936 sio
211 1877 366 1948 respondit,
392 1875 477 1948 quod,
501 1874 525 1928 si
548 1877 694 1930 Romanus
717 1875 844 1946 pontifex
867 1875 972 1932 laceret

145 1970 175 2025 in
192 1966 301 2024 Gracia
316 1964 453 2022 celebrari
469 1961 635 2033 concilium,
653 1963 703 2019 nbi
722 1965 971 2034 quatuorantiqua

144 2057 269 2114 concilia
283 2055 396 2110 lucrant
411 2051 561 2120 celebrata,
584 2050 653 2108 illuc
667 2051 830 2108 Graecorum
846 2051 972 2109 Ecclesia

145 2161 211 2202 suos
233 2146 355 2202 mitteret
385 2141 583 2212 responsales;
608 2147 636 2196 ct
659 2139 772 2214 lingens
796 2157 826 2198 sa
858 2141 970 2214 longius

145 2235 234 2292 troad
251 2232 336 2288 sliam
351 2231 499 2289 materiam
514 2245 547 2286 se
560 2231 710 2296 conuertit,
726 2231 844 2287 mittens
857 2246 970 2288 sommo

145 2321 276 2394 pontifici
298 2319 406 2377 litteras
430 2319 460 2375 ia
486 2318 588 2390 quibus
605 2319 746 2375 nitebatur
762 2318 881 2390 probare
893 2320 969 2389 qaod

145 2413 296 2484 imperium
312 2409 468 2466 sacerdotio
484 2405 681 2478 prepollebat,
697 2409 732 2464 ad
748 2423 819 2480 quas
834 2409 860 2465 ci
874 2407 968 2465 domi·

146 2517 201 2559 nus
217 2516 287 2571 papa
308 2497 449 2567 rescripsit
465 2498 518 2552 hoe
533 2499 637 2552 modo:

182 2590 272 2647 Llilll.
290 2587 383 2644 Solita
398 2583 581 2655 beniyniiutis
596 2586 697 2659 ellectu
713 2586 781 2658 (28),
798 2594 852 2644 etc.

179 2665 270 2736 th'V.
286 2677 353 2734 Post
372 2676 425 2733 boc
449 2684 555 2743 nutem,
580 2674 654 2732 idem
680 2678 835 2746 imperator
856 2691 968 2732 summo

143 2767 271 2840 pontifici
286 2764 465 2835 supplicarit,
480 2771 509 2819 ut
523 2762 707 2834 compellaret
722 2778 815 2834 regem
832 2767 967 2820 Hierusa-

141 2857 198 2913 lem
214 2855 269 2928 (28)
284 2855 319 2909 ad
337 2853 544 2909 restitutionem
560 2851 751 2924 cuprionem
767 2851 910 2908 asserebat
932 2854 966 2908 ad

143 2941 489 3013 constantinopolitanum
513 2939 665 3012 imperium
682 2940 833 3011 pertinere.
849 2941 900 2997 Cui
915 2941 967 2998 do·

145 3037 241 3094 minus
256 3050 328 3106 papo
343 3031 488 3103 rescripsit
504 3031 558 3088 boc
573 3031 657 3088 modo
674 3047 681 3086 :

179 3125 238 3200 (30)
253 3122 413 3195 Recepimus
428 3121 535 3178 litteras
548 3137 618 3193 quas
635 3135 686 3192 per
710 3119 843 3176 dilectum
864 3102 1007 3194 tiliumss

181 3267 238 3394 (27(
260 3266 329 3324 Vide
350 3265 500 3335 epistolam
523 3263 575 3318 208
600 3262 664 3319 libri
688 3262 818 3334 secundi,
842 3265 967 3335 patriar·

144 3340 202 3398 ciue
239 3337 520 3407 costantinopoiitani
543 3335 581 3392 od
602 3349 712 3406 papam,
734 3334 766 3390 de
787 3337 914 3406 primatu
943 3343 969 3393 ei

143 3412 325 3486 preeroyotiua
335 3409 462 3464 Ecclesia
477 3409 614 3463 Remuria.

180 3481 236 3554 (28)
253 3480 377 3552 Epistola
392 3480 452 3536 brec
467 3481 497 3534 in
522 3478 653 3549 negastis
679 3476 839 3533 innocentii
856 3477 910 3535 PP.
928 3479 967 3535 ill

145 3555 310 3610 nuliatenus
333 3551 417 3607 bodie
432 3556 585 3620 comparet.
601 3550 707 3616 Exstat,
723 3549 772 3604 sed
790 3551 889 3604 mutila
904 3551 966 3620 oui·

143 3629 220 3694 dem,
237 3626 267 3681 ia
283 3621 505 3680 Collectionibns
530 3621 729 3688 Decretaiium,
754 3619 803 3675 iub.
820 3638 840 3688 1,
862 3622 902 3676 tit.
920 3622 965 3692 33,

144 3699 182 3752 ite
196 3694 361 3761 majoritate
373 3703 401 3749 et
415 3694 578 3758 obedientia,
594 3707 657 3762 cap.
673 3693 700 3745 b.
715 3691 828 3753 lntearn
847 3707 912 3747 vero
924 3692 965 3748 ie-

143 3771 218 3838 gitur
232 3768 261 3822 in
273 3765 321 3820 illa
334 3766 471 3834 peculiari
483 3764 644 3819 innnocentii
654 3763 707 3817 PP.
721 3761 761 3816 iii
774 3761 964 3819 Decretslium

144 3841 235 3908 prima
248 3836 432 3901 collectione,
448 3849 532 3905 quam
547 3849 581 3890 ec
605 3832 694 3888 tribus
716 3831 816 3904 primis
839 3837 966 3905 itepesto-

142 3925 204 3965 rum
221 3910 279 3980 ejus
294 3906 375 3962 libris
385 3907 427 3978 (id
452 3914 505 3972 est,
530 3921 564 3961 ex
589 3905 674 3960 trium
699 3904 881 3974 pontificatus
905 3905 967 3976 ejus

143 3981 301 4052 primorum
313 3992 452 4034 annorum
462 3975 600 4048 epistolis)
610 3973 784 4046 compositam
796 3991 816 4029 a
826 3975 966 4046 iloinerio,

143 4051 258 4108 diacono
273 4060 298 4106 et
310 4053 440 4104 monocbo
456 4046 638 4118 consputione
652 4047 740 4101 edidit
760 4045 893 4102 Boionius
917 4049 965 4118 (ui.

144 4128 215 4179 Cum
243 4123 299 4177 ista
326 4119 461 4176 collectio
487 4135 521 4174 ex
547 4117 638 4174 tribus
654 4120 852 4174 tautummodo
867 4119 967 4187 primis

145 4196 326 4258 Reacstorum
343 4190 423 4247 libris
437 4189 593 4259 composita
613 4189 707 4255 inerit,
720 4189 906 4260 epistolisque,
931 4191 967 4246 dc

145 4283 201 4336 aaa
217 4266 263 4320 bio
276 4265 380 4338 agitur,
395 4262 427 4318 iu
441 4263 554 4318 duobus
566 4259 665 4331 primis
682 4261 863 4330 iieyasiorum
876 4262 966 4326 libris,

144 4338 191 4408 spui
205 4338 240 4391 ad
258 4353 309 4390 nos
325 4335 383 4391 iere
398 4333 499 4404 integri
516 4340 716 4405 pervenerunt,
733 4347 909 4402 naquaquam
927 4349 967 4388 rc-

144 4410 280 4480 periatur,
305 4423 339 4462 cx
367 4406 439 4462 libro
464 4405 661 4472 testimonias
686 4403 835 4459 minimam
855 4413 961 4476 partem

145 4479 295 4548 babemus,
323 4479 518 4547 depromptam
544 4475 634 4531 luisse
666 4474 819 4531 verisimile
843 4477 961 4542 ridetur,

143 4551 319 4621 proindeque
334 4549 425 4617 ipsam
450 4547 533 4604 tertio
558 4547 757 4603 losrocenttaui
781 4547 964 4616 pontificatus

142 4637 219 4678 enno
235 4621 460 4689 adjudicandam
476 4635 539 4675 esse
553 4619 787 4674 existimavimus.
815 4639 817 4644 ·

181 4693 238 4764 (29)
253 4691 427 4748 iicrmericus
443 4692 467 4746 il
480 4692 515 4746 dc
531 4689 701 4759 Lusiynnno,
718 4689 768 4759 qui
791 4687 907 4744 chrioi
931 4689 966 4742 de

145 4761 301 4834 Campania
316 4762 362 4835 (tie
377 4779 431 4831 cuo
446 4777 532 4831 supra
559 4769 617 4816 not.
637 4763 670 4814 ad
686 4764 700 4828 ξ
714 4761 772 4828 58),
795 4775 872 4816 anuo
897 4759 966 4814 1197

147 4835 285 4891 dct'uncti:
320 4834 446 4890 relictum
463 4830 614 4888 isabellam
642 4831 671 4886 in
692 4846 810 4886 carmem
839 4833 966 4900 duxerat,

145 4907 256 4977 ipsique
266 4905 389 4962 ilenrico
399 4905 430 4960 ia
445 4919 532 4973 regno
548 4900 804 4974 Hierosolymitaoo
819 4917 967 4959 successor

145 4981 229 5034 datus
246 4978 343 5033 luerat.
371 4975 448 5032 Obiit
462 4990 538 5031 auno
559 4974 639 5038 tuoe,
654 4975 699 5029 die
714 4991 722 5029 r
738 4972 853 5044 Aprilis,
879 4976 967 5029 Assa·

144 5067 201 5114 aaa,
231 5048 344 5116 Curam,
370 5064 433 5118 pag.
459 5047 520 5101 itt.
546 5049 729 5101 conferentia
753 5053 819 5100 sunt
842 5045 967 5115 epistolas

143 5123 209 5178 iibri
225 5120 311 5193 primi
328 5137 334 5176 :
351 5119 418 5182 ist,
441 5116 584 5187 limerico,
608 5117 714 5172 illustri
732 5117 801 5187 repi,
818 5120 844 5170 et
859 5117 890 5171 Α.
904 5117 967 5186 (ρο-

143 5195 200 5247 tius
213 5192 246 5266 i.)
259 5191 363 5264 rapior-te
373 5189 652 5260 liierosoiynritonoe3
668 5204 723 5260 qua
734 5189 910 5258 recipiuntur
920 5188 969 5242 snb

143 5265 313 5335 protectione
338 5263 504 5332 apostolieo;
520 5263 577 5316 dat.
603 5259 744 5324 Laterani,
770 5274 796 5311 iv
819 5258 893 5313 Noa.
920 5261 970 5316 lte·

144 5333 278 5396 octobris,
294 5349 341 5388 nn.
358 5333 407 5389 ssd
431 5342 470 5388 est
494 5333 594 5400 treet:
610 5359 642 5372 -
664 5329 728 5392 teu.
750 5330 854 5385 coniti
878 5329 970 5394 Tripo-

146 5407 253 5465 iiiano;
269 5412 299 5459 ul
311 5407 372 5474 reyi
388 5405 472 5475 Cypri
487 5403 640 5474 (timerion
652 5399 767 5469 cirtem).
782 5405 879 5455 contra
889 5401 972 5456 Sara·

143 5491 222 5532 cenos
236 5473 395 5541 dimicanti,
410 5475 440 5530 in
456 5471 641 5532 conseruando
656 5480 682 5528 et
695 5471 874 5541 praemoneo
889 5488 972 5546 reyno

1029 465 1109 522 nobis
1124 465 1257 522 celsitudo
1268 467 1384 536 atroce,
1400 467 1570 539 benipnitote
1581 467 1637 540 (31)
1650 485 1706 541 pua
1716 469 1824 539 decuit,
1838 475 1871 527 et

1029 559 1184 612 notauimus
1200 556 1294 614 omnia
1309 573 1368 630 qua
1382 557 1489 614 aurumi
1502 572 1553 629 per·
1575 571 1621 613 eos
1644 557 1762 614 cumbas
1786 575 1868 632 apo·

1029 645 1134 706 stolicis
1158 646 1213 718 (32)
1239 646 1384 702 intimare.
1410 647 1523 704 Peleius
1546 651 1649 715 autem,
1673 647 1865 704 carissimum

1029 736 1121 808 filium
1140 742 1266 793 nostrum
1288 737 1319 793 in
1340 737 1457 804 Citrisio,
1483 755 1572 810 reyem
1598 737 1868 811 Hierosolymorum

1029 825 1173 883 illustrem
1187 826 1223 883 oti
1233 825 1434 884 restitutionem
1446 827 1542 900 Cypri,
1560 827 1598 883 od
1609 828 1871 900 Constantinopoli·

1029 922 1129 972 tanum
1143 915 1291 989 imperium
1305 918 1483 989 pertinentis,
1495 933 1545 989 por
1559 917 1867 974 excommunicationis

1028 1008 1193 1062 sententium
1208 1007 1375 1064 autoritate
1389 1016 1482 1063 nostro
1495 1007 1633 1080 cornpeili,
1656 1015 1771 1078 perotus
1791 1023 1865 1063 ma-

1028 1111 1096 1167 puos
1112 1095 1209 1165 cidem,
1225 1105 1252 1154 et
1266 1105 1323 1153 tum
1347 1096 1552 1170 iiospiiaiariis,
1577 1112 1659 1168 quam
1682 1097 1862 1168 iempiarie's,

1028 1193 1077 1241 sub
1092 1185 1192 1242 idoneo
1205 1185 1338 1242 cautione
1351 1187 1381 1242 in
1398 1193 1476 1242 terra
1485 1193 1584 1242 ronuta
1593 1184 1750 1241 soladium
1760 1185 1865 1242 reddi·

1029 1279 1073 1331 tus
1090 1275 1273 1344 ministrore3
1288 1293 1351 1333 cum
1374 1291 1435 1332 eom
1452 1275 1563 1348 incipite
1585 1273 1782 1331 reeordationis
1808 1275 1864 1332 ili-

1028 1365 1157 1434 otardus,
1175 1363 1359 1437 centuplici,
1375 1365 1476 1422 uiolato
1490 1363 1568 1436 pacis
1581 1363 1681 1435 ledere
1695 1379 1777 1436 quom
1792 1379 1863 1420 cum

1029 1454 1145 1527 imperio
1155 1463 1200 1512 tuo
1214 1457 1331 1528 lecerat,
1348 1454 1513 1523 inuasisset;
1530 1456 1568 1510 ad
1577 1455 1656 1527 cujus
1667 1453 1859 1526 recuperatio-

1028 1561 1094 1600 nem
1118 1543 1182 1601 iicet
1207 1544 1333 1601 ualidum
1357 1543 1545 1616 disposuisses
1568 1543 1682 1599 stolium
1703 1542 1859 1614 destinare,

1028 1633 1174 1703 distulisti,
1187 1637 1277 1690 tamen
1288 1635 1421 1690 tacturus
1430 1634 1458 1689 id
1470 1633 1676 1706 eiiceresiudio
1684 1632 1811 1706 pietatis,
1821 1649 1862 1691 ue

987 1737 1013 1805 Β
1028 1727 1191 1795 sonyuincm
1206 1724 1431 1787 christianorum
1445 1725 1612 1797 effunderes,
1623 1728 1651 1780 ei
1660 1731 1741 1780 terra
1752 1732 1859 1781 sancta

1029 1815 1199 1872 commodum
1215 1814 1373 1888 impedires.
1390 1816 1442 1872 iios
1457 1817 1562 1892 numm,
1575 1813 1761 1872 deliberantes
1773 1829 1862 1886 super

1026 1905 1076 1962 boc
1091 1905 1162 1978 quid
1173 1914 1242 1963 esset
1252 1903 1796 1978 apenoumpoeepimuaquoupresteras
1806 1919 1861 1960 ree

1026 1995 1149 2068 Cyprum
1176 1997 1209 2054 de
1232 2013 1323 2054 manu
1350 1996 1496 2068 cujusdam
1516 2006 1639 2062 eruerat,
1663 1997 1712 2067 qui
1735 1993 1768 2050 de
1792 1993 1859 2066 ipsu

1025 2085 1335 2158 Constantinopolitano
1349 2085 1465 2158 irnperio
1482 2087 1648 2142 nuliatenus
1662 2083 1857 2156 respondebat.

1022 2177 1174 2245 Praeterea,
1192 2175 1372 2234 octridmtoies
1385 2191 1435 2232 nos
1447 2175 1588 2248 principes
1605 2178 1780 2246 ropaoeruni,
1804 2183 1847 2240 ut,
1946 2229 1947 2234 ,

1022 2266 1205 2336 quantumin
1228 2265 1325 2321 insula
1349 2266 1434 2336 Cypri
1456 2280 1511 2321 noir
1536 2263 1673 2321 modicum
1695 2262 1850 2320 subsidium

1023 2352 1163 2412 Orientali
1171 2355 1321 2426 prouincia
1336 2353 1525 2423 ministratur,
1536 2351 1711 2426 imperialem
1720 2353 1851 2424 mapnifi·

1021 2443 1144 2501 centium
1167 2461 1218 2517 per
1240 2449 1352 2502 nostras
1378 2444 1487 2501 litteras
1513 2459 1695 2514 moneremus,
1710 2457 1754 2511 ne,
1769 2446 1849 2498 statu

1022 2537 1102 2590 terra
1115 2537 1218 2590 saneta
1227 2534 1371 2606 pendente,
1388 2547 1479 2602 repens
1491 2533 1581 2605 ipsius
1595 2549 1678 2605 super
1692 2531 1785 2588 eadem
1800 2531 1848 2587 in·

1021 2623 1083 2679 suia
1098 2623 1256 2680 molutares
1271 2641 1281 2679 .·
1296 2639 1351 2696 quo
1364 2622 1397 2678 de
1409 2624 1490 2695 [aetii
1501 2627 1592 2693 posset
1611 2621 1746 2692 amidae,
1762 2625 1803 2690 ut,
1820 2621 1848 2677 si

1021 2715 1058 2779 te,
1074 2727 1155 2784 quem
1173 2713 1203 2767 in
1216 2714 1288 2784 iacto
1313 2709 1567 2782 liierosoiymitanre
1588 2711 1740 2782 prouincia
1754 2711 1848 2781 inuio·

1020 2811 1118 2859 remei
1131 2801 1300 2872 defensorem
1316 2817 1344 2858 se
1357 2801 1474 2858 eredidit
1486 2801 1621 2868 inuenire,
1636 2803 1750 2858 sentiret
1759 2800 1847 2873 iorsi·
1904 2829 1908 2836 ·

1021 2895 1070 2947 ton
1080 2890 1238 2958 inimicum,
1254 2890 1321 2946 dum
1335 2889 1429 2946 minus
1443 2894 1532 2962 posset
1554 2889 1697 2961 imperiali
1717 2891 1848 2962 potentia

1020 2984 1048 3035 et
1060 2993 1237 3051 papauerum
1251 2977 1392 3035 uiolentia
1414 2977 1523 3048 pariter
1539 2993 1707 3050 repupuore,
1721 2977 1848 3050 nepietia

1022 3065 1212 3125 sollicitudine
1226 3071 1308 3124 terra
1328 3067 1556 3139 sauciatisque
1579 3067 1635 3124 sibi
1656 3071 1751 3124 minus
1774 3084 1847 3124 com·

1021 3159 1100 3215 modi
1112 3157 1248 3230 prouenit,
1268 3157 1331 3229 pius
1347 3157 1461 3226 laboris,
1484 3156 1520 3212 ad
1543 3173 1605 3214 eam
1629 3172 1658 3214 se
1678 3161 1847 3215 conuerteret

1022 3297 1304 3374 (Hierosolymitano)
1318 3299 1426 3355 ouaiiio
1436 3301 1472 3355 sit
1486 3316 1493 3366 ;
1509 3299 1567 3356 dat.
1583 3303 1710 3372 utsupra
1721 3317 1771 3369 3—
1782 3300 1845 3369 487,

1021 3372 1168 3442 iimerico,
1183 3371 1289 3426 illustri
1311 3373 1370 3442 reyi
1392 3369 1661 3443 iiierosoiymitano;
1678 3388 1733 3457 qua
1754 3373 1844 3445 ipsum

1021 3443 1153 3501 bortatur
1176 3441 1211 3498 ad
1234 3441 1365 3513 pietatem
1379 3453 1404 3498 et
1419 3442 1590 3510 modestiam,
1615 3445 1783 3515 auertitque
1794 3461 1845 3500 suo

1020 3514 1178 3589 promittit,·
1192 3515 1250 3570 dni.
1267 3513 1407 3581 laterani,
1429 3531 1469 3569 au
1484 3515 1542 3570 ilai.
1559 3514 1684 3571 ianuarii
1697 3540 1705 3582 3
1720 3545 1755 3556 -
1779 3516 1842 3588 518,

1020 3587 1196 3644 Patriaroitoe
1211 3585 1468 3658 Hierosolymiiano‚
1482 3585 1533 3642 ubi
1546 3587 1639 3658 opitur
1653 3585 1687 3641 de
1698 3589 1843 3643 matrimo-

1022 3658 1068 3716 nio
1089 3659 1160 3728 repis
1176 3656 1261 3729 Cypri
1271 3656 1427 3730 (atmerici)
1446 3674 1508 3714 eum
1519 3661 1615 3729 repino
1627 3657 1767 3730 (isabella)
1784 3659 1843 3715 iiie·

1021 3730 1092 3786 rosol
1112 3730 1239 3792 mitanas
1255 3729 1312 3784 dat.
1330 3729 1474 3798 Laterani,
1490 3747 1507 3786 x
1525 3729 1583 3786 lini.
1596 3729 1737 3785 ianuarii.

1057 3747 1114 3875 (Sd)
1134 3799 1345 3884 tipistoiabac
1368 3800 1548 3884 inulicgcstis
1571 3802 1732 3886 innocentii
1759 3801 1843 3886 hodie
1931 3873 1934 3880 Ι

1021 3888 1169 4000 tillut
1182 3871 1842 4025 stitit·cilitiistributii

1022 4015 1218 4071 Innocentieai
1235 4013 1418 4084 pontificatus
1433 4029 1542 4070 annum
1564 4015 1624 4070 dari
1640 4016 1776 4088 potuisse,
1793 4033 1842 4086 pa·

1021 4094 1069 4142 tet.
1083 4087 1236 4142 Fatendum
1247 4085 1393 4157 equidem,
1409 4087 1438 4141 io
1449 4086 1567 4156 epistola
1578 4085 1645 4142 iibri
1655 4087 1841 4154 secundi25i,

1021 4159 1127 4214 illustri
1153 4159 1212 4240 rapi
1233 4161 1417 4224 Francorum,
1443 4159 1571 4228 quaedam
1596 4157 1662 4228 lagi,
1684 4174 1718 4214 ex
1742 4159 1842 4228 quibos

1022 4227 1115 4284 elesii
1139 4244 1214 4284 cirea
1239 4245 1283 4284 res
1309 4227 1393 4298 Cypri
1416 4227 1663 4299 supplicationem,
1680 4231 1714 4285 de
1729 4244 1783 4299 qua
1798 4229 1842 4286 bic
1946 4235 1947 4240 ’

1021 4300 1365 4368 caesorumcaesorum
1382 4299 1415 4352 nd
1430 4315 1543 4371 papam,
1560 4315 1625 4356 cum
1640 4301 1698 4370 regi
1720 4301 1840 4357 Francia
1946 4333 1947 4356 r

1021 4371 1167 4441 scriberet,
1185 4369 1356 4439 pervenisse,
1372 4369 1568 4427 inducendum
1593 4371 1710 4428 instasse
1734 4374 1841 4429 vidore·
1946 4387 1947 4400 ¹

978 4467 1006 4534 D
1025 4452 1079 4499 tur.
1102 4443 1146 4497 Sia
1172 4443 1248 4498 enim
1275 4442 1315 4498 ibi
1341 4441 1551 4498 Innocentius:
1570 4463 1583 4494 a
1600 4443 1670 4510 Quin
1683 4459 1750 4500 vcro
1769 4444 1840 4500 Gon·
1946 4497 1947 4500 ,

1023 4511 1295 4584 stantinopclitanus
1310 4514 1463 4582 imperator
1484 4514 1619 4571 adversus
1642 4516 1773 4570 eumricm
1798 4532 1840 4571 ro-

1019 4601 1083 4658 gem
1104 4583 1417 4657 (Hierosolymitanum)
1442 4587 1602 4654 procedere,
1627 4587 1776 4642 cosmiana
1790 4589 1840 4660 Cy-

1020 4661 1074 4728 pri,
1100 4657 1236 4722 minatur,
1261 4657 1306 4710 vei
1328 4655 1448 4726 dirigere
1471 4665 1570 4712 contra
1593 4672 1659 4714 eum
1688 4657 1841 4714 exercitum

1020 4729 1178 4799 copiosum.
1207 4749 1221 4776 »
1246 4729 1362 4793 Verum,
1388 4741 1422 4781 cs
1444 4727 1657 4799 scrutatoris
1682 4730 1843 4798 responsiva

1020 4798 1184 4856 lnsrocentii
1198 4798 1233 4854 ad
1250 4797 1381 4854 Alesiam
1396 4798 1529 4868 epistola,
1550 4813 1613 4853 mox
1630 4801 1773 4869 notandis,
1796 4817 1842 4871 pa·

1022 4871 1092 4928 tebit
1109 4869 1283 4942 pontitioem,
1300 4885 1357 4924 uon
1373 4869 1500 4943 simplici
1515 4869 1575 4926 rice
1589 4869 1624 4925 ab
1647 4871 1747 4927 Alexio
1762 4887 1844 4942 super

1023 4943 1076 4999 bac
1092 4959 1122 4998 rc
1137 4941 1321 4998 sollicitatum
1339 4939 1436 5012 luisse,
1453 4943 1605 5016 ipsumqup
1620 4943 1705 4999 etiarn
1725 4943 1843 5016 impera·
1946 4997 1947 5004 ,

1023 5014 1076 5070 tori
1092 5013 1157 5084 plus
1172 5029 1227 5069 una
1242 5013 1303 5069 vice
1319 5015 1348 5067 in
1368 5027 1534 5082 responsum
1551 5013 1675 5068 dedisse.

1059 5084 1116 5157 (31)
1133 5085 1317 5156 lieniyniiate.
1333 5081 1380 5138 Sic
1395 5083 1751 5152 incudicaValiiceilano;
1768 5084 1808 5141 sia
1819 5095 1843 5141 ct

1023 5156 1099 5228 apud
1116 5156 1270 5221 balusium,
1287 5155 1335 5226 qui
1354 5155 1391 5209 ad
1409 5159 1568 5226 marginem
1595 5163 1675 5212 notat
1696 5157 1726 5213 in
1750 5157 1843 5214 codice

1024 5229 1109 5298 Regio
1124 5227 1190 5298 legi,
1207 5227 1322 5298 lenione
1334 5223 1486 5296 effectione.

1060 5299 1116 5371 (32)
1132 5298 1252 5355 lumbus
1266 5297 1433 5371 apostolicis.
1450 5297 1497 5355 Sic
1512 5297 1541 5354 in
1565 5299 1665 5356 codice
1687 5298 1843 5356 vallicella·

1025 5385 1082 5438 no,
1099 5371 1141 5427 sic
1155 5379 1182 5428 ct
1196 5373 1269 5439 apud
1286 5371 1442 5439 Baluzium,
1452 5371 1500 5441 qui
1510 5370 1545 5426 ad
1558 5371 1717 5445 marginem
1730 5379 1806 5429 notat
1816 5372 1843 5430 iu

1026 5441 1124 5500 codice
1138 5441 1224 5512 Regio
1239 5443 1304 5514 legi,
1320 5441 1422 5499 nostris
1436 5441 1563 5498 auribus.

181 5616 219 5694 (a)
233 5615 368 5690 Epistola,
383 5619 402 5673 2
415 5617 490 5676 titali
503 5633 535 5675 u.
550 5613 622 5674 Vide
636 5614 755 5689 huiusce
770 5613 934 5676 acumina
949 5611 1084 5678 editionis
1093 5617 1166 5670 tom.
1183 5609 1234 5682 iti,
1250 5614 1315 5682 post
1328 5611 1457 5686 Regests.
1473 5609 1552 5671 born.
1566 5615 1680 5671 Panaca.
