3952 6056
176 267 228 325 ll‘o‘

664 268 866 326 INNOGENTII
885 267 927 322 lll·
941 268 996 323 PP.
1018 267 1253 326 REGESTORUM
1273 269 1338 325 Llll.
1358 269 1381 324 1.

1230 133 1237 160 Ι

1829 267 1888 326 lla

175 414 291 487 liuntur
302 413 420 470 vineam
442 411 558 470 Domini
583 411 722 480 Sabaoth,
739 413 853 485 species
877 401 1041 486 quidemA
1058 429 1139 468 soros
1168 414 1261 470 nostri
1287 413 1410 471 Romani
1437 411 1593 486 pontilices
1614 413 1777 471 contulere.
1801 413 1889 471 Nulli

175 501 526 570 habentesdiversas,sed
537 502 646 558 caudas
658 503 823 558 adinvicem
832 501 999 574 colligatas,
1055 519 1135 577 ergo,
1152 508 1208 559 etc.

177 595 248 665 quia
262 592 298 648 de
310 593 437 648 vanitate
450 593 631 648 conveniunt
640 593 671 648 in
685 592 826 664 idipsum,
838 597 867 647 et
882 591 1001 646 barreti-

1090 594 1196 649 Datum
1209 595 1319 663 Romae,
1333 597 1388 650 eta.
1405 593 1507 650 Idibus
1517 593 1593 662 blaii,
1607 593 1798 665 pontificatus
1809 611 1889 652 uos·

177 680 279 738 cosab
299 679 434 737 fidelium
462 682 612 738 consortio
633 681 843 748 excludendos,
859 680 1001 737 dilectum
1056 682 1093 736 tri
1108 699 1187 738 anno
1198 683 1305 754 primo.

177 769 273 826 illium
286 769 408 826 fratrem
417 771 599 838 Rainerium,
608 775 760 843 potentem
768 770 866 827 divino
878 785 1001 826 munere

1402 773 1529 828 ctxvu.

176 859 210 916 51¹
233 875 323 930 ⁰P01'0
339 864 368 914 el
389 867 584 927 ⁵0¹'ffl011020l
605 877 672 918 ⁰¹¹ffl
689 877 723 916 0⁰
737 859 879 916 dllesstum
906 857 1002 914 alium
1056 897 1082 935 u.
1103 895 1236 936 uacisrno
1266 895 1427 936 sauouanuu
1445 897 1478 936 ar
1496 897 1636 938 vaunnam
1655 898 1793 938 aaronica
1811 900 1889 938 ran-

174 947 298 1003 lratram
309 949 586 1018 Gnidonem,virum
596 951 1003 1006 Deumtimentemetvacan-

178 1041 238 1093 tem
254 1038 394 1108 operibus
408 1039 570 1108 charitatis,
591 1039 628 1095 ad
643 1045 742 1112 partes
757 1045 868 1096 vestras
883 1038 1003 1094 duxeri-

178 1141 245 1182 mus
259 1126 465 1196 destinandos,
477 1129 702 1184 universitatem
712 1133 839 1184 vestram
851 1144 1001 1200 rogamus,

179 1231 336 1272 monemus
347 1217 573 1272 etexbartamur
583 1218 613 1273 in
623 1217 796 1286 Domino,et
806 1218 837 1272 in
851 1217 1003 1273 remissio-

179 1321 249 1360 nem
259 1305 444 1378 injungimus
453 1311 645 1378 peccatorum
657 1311 804 1377 quatenus
815 1323 866 1362 eos
874 1306 1002 1378 benigne

178 1393 356 1464 recipientes
367 1394 477 1465 pariter
485 1401 514 1450 at
523 1395 638 1464 devote,
651 1401 753 1452 contra
764 1395 919 1451 hereticos
929 1395 1003 1466 ipsis

177 1486 316 1554 potenter
325 1488 354 1538 et
364 1482 488 1538 viriliter
498 1484 703 1552 assistati5,eis
713 1484 871 1540 consilium
883 1489 912 1539 et
922 1499 1003 1540 auxi·

178 1571 253 1628 lium
262 1571 479 1642 impendentes.
492 1574 600 1629 Verum
611 1572 940 1646 quialraterllainerius
951 1589 1003 1644 pro

178 1660 278 1717 arduis
293 1660 432 1718 Ecclesia
443 1663 570 1736 negotiis
581 1663 611 1718 in
626 1662 797 1734 Hispaniam
812 1662 849 1716 de
864 1660 1003 1717 mandato

177 1749 324 1822 processit
333 1750 506 1821 apostolico,
518 1750 653 1807 volumus
664 1750 860 1807 nihilominus
875 1755 905 1806 et
919 1766 1045 1831 man-„B

181 1837 287 1893 damus
297 1843 330 1893 ut
339 1855 389 1894 vos
403 1839 509 1894 iratres
522 1840 738 1913 archiepiscopi
751 1845 781 1896 et
791 1840 1003 1912 episcopi,cum

180 1943 198 1982 a
213 1927 391 1984 dictolratre
402 1929 533 1986 Guidone
544 1929 660 1986 fueritis
675 1930 822 2002 requisiti,
839 1931 870 1984 in
885 1929 1006 1985 hareti-

180 2031 242 2084 oos,
256 2033 332 2086 quos
343 2017 406 2088 ipsa
421 2018 502 2074 vobis
518 2020 726 2088 nominaverit,
741 2019 926 2092 spiritualem
942 2019 1004 2091 gla-

181 2103 264 2160 dium
274 2106 419 2173 exeratis;
433 2107 501 2162 laici
510 2125 578 2164 vero
589 2107 668 2164 bona
682 2125 785 2164 eorum
798 2109 963 2164 confiscent
976 2113 1005 2162 et

180 2209 231 2252 eos
247 2193 367 2266 ejiciant
377 2195 413 2251 de
428 2201 507 2252 terra
520 2204 612 2254 suaet
627 2214 730 2253 eorum
744 2198 846 2270 paleas
861 2201 1002 2269 separent

180 2282 369 2340 airumento.
382 2286 526 2342 Omnibus
537 2291 634 2343 aulem
646 2287 696 2358 qui
708 2304 760 2358 pro
776 2287 1003 2342 conservatione
1063 2327 1068 2340 .

181 2369 251 2428 fidei
266 2372 440 2428 Christianae
454 2375 485 2429 in
496 2379 576 2429 tanto
588 2375 759 2432 discrimine
774 2377 852 2448 quod
868 2376 1006 2432 Ecclesia

182 2464 330 2530 imminet,
356 2463 412 2534 ipsi
436 2463 584 2520 astiterint
608 2463 736 2520 fideliter
751 2471 780 2520 et
793 2465 907 2533 devote,
924 2465 1007 2520 illam

182 2557 373 2625 peccatorum
399 2569 521 2608 suorum
556 2554 747 2609 oonoedimns
779 2554 1005 2628 indulgentiam,

183 2657 273 2713 quam
286 2640 365 2696 beati
381 2641 460 2695 Petri
475 2640 626 2698 vellaoobi
643 2641 748 2698 limina
764 2642 951 2700 visitantibus
962 2642 1008 2698 in·
1063 2683 1255 2756 impendere:
1273 2685 1313 2740 im
1324 2689 1423 2740 tamen
1435 2683 1515 2756 quod
1524 2684 1745 2756 opportunitate
1754 2687 1887 2754 mepta,
1964 2705 1965 2718 χ

1064 2775 1228 2846 suscepturi
1244 2773 1470 2841 mandatum,nd
1485 2773 1587 2828 sedem
1597 2773 1791 2845 apostolicam
1801 2787 1891 2827 acce-

1063 2863 1133 2920 dere
1148 2881 1208 2920 non
1224 2866 1413 2935 postponant.
1431 2861 1613 2918 Providentis
1627 2867 1726 2918 autem
1743 2859 1889 2916 attentius

1063 2969 1100 3009 ne
1117 2953 1187 3024 quid
1204 2959 1306 3008 contra
1321 2953 1525 3026 praescriptam
1547 2950 1675 3007 formam
1696 2948 1891 3022 quomodoli-
1965 3023 1966 3036 χ

183 2729 349 2802 dulgemus.

219 2821 325 2874 Datum
339 2819 451 2886 Romae,
467 2825 535 2887 otc,
547 2826 684 2891 utsupra,
701 2837 729 2876 m
745 2821 813 2876 ldus
826 2820 893 2876 llaii

538 2926 653 2981 CLllVl.

415 3029 628 3070 auennensem
654 3031 775 3072 vrnasri.

183 3101 329 3173 Approbat
344 3102 402 3172 ejus
420 3101 597 3170 voluntate-m,
610 3105 684 3174 quod
702 3122 736 3158 aa
759 3105 872 3174 callepio
883 3105 1010 3160 saeculari

218 3177 324 3298 ffatim
341 3173 407 3226 olim
422 3173 581 3241 cenobium,
603 3175 641 3230 ad
654 3175 797 3244 collegium
823 3191 948 3232 reuocare
964 3177 1007 3232 la-

514 3332 567 3405 (u.
588 3334 678 3406 nair.)

1413 987 1519 1028 Vistilia.

1056 1079 1186 1148 Episcopi
1201 1080 1380 1136 trucidaturus
1395 1098 1412 1135 a
1426 1081 1482 1135 solo
1493 1097 1571 1152 papa
1585 1077 1753 1149 absoluendi,
1769 1083 1887 1149 eccepto

1346 1152 1463 1208 articulo
1482 1151 1587 1208 martis.

1094 1258 1187 1329 Super
1201 1274 1236 1313 eo
1251 1257 1288 1313 de
1303 1274 1361 1330 quo
1379 1275 1434 1314 nos
1448 1262 1545 1314 vestra
1561 1257 1701 1314 discretio
1715 1257 1889 1329 requisivit,

979 1394 984 1404 .
1056 1345 1887 1419 videlicctquidtaciendumsitdehisquicaptionibonas

981 1483 986 1493 .
1058 1435 1210 1490 memoriae
1226 1436 1257 1492 V.
1275 1435 1429 1492 Bellunen.
1446 1436 1587 1508 episcopi,
1608 1451 1644 1491 ex
1659 1452 1718 1507 qua
1732 1435 1889 1508 dignosci-

1059 1529 1106 1578 tur
1121 1540 1138 1578 a
1152 1523 1330 1595 quibusdam
1346 1525 1414 1580 aliis
1424 1525 1630 1581 crirdelissime
1640 1525 1833 1597 interruptus,
1852 1542 1887 1580 se

1058 1614 1204 1669 diabolico
1220 1614 1362 1669 instinctu
1386 1613 1556 1671 interfuisse
1577 1615 1717 1682 latentur,
1734 1615 1758 1670 si
1775 1615 1812 1670 ad
1827 1617 1889 1670 Ec·-

1059 1702 1182 1758 clesiam
1195 1703 1294 1759 redire
1310 1702 1466 1772 voluerint,
1482 1704 1513 1759 in
1534 1719 1593 1775 qua
1607 1703 1667 1759 sint
1689 1702 1783 1759 forma
1799 1704 1886 1759 reci-

1060 1790 1160 1863 piendi
1172 1789 1208 1846 ab
1219 1807 1263 1859 ea,
1275 1791 1357 1846 vobis
1369 1792 1468 1847 taliter
1479 1791 1705 1863 respondemus,
1720 1790 1798 1862 quod
1811 1805 1885 1846 cum

1059 1886 1119 1935 tam
1131 1896 1251 1954 enorme
1261 1881 1403 1954 tlagitium
1414 1880 1513 1936 debita
1521 1881 1646 1936 velimus
1660 1880 1815 1936 severitate
1825 1897 1888 1952 pu-

1059 1970 1136 2037 nire,
1152 1985 1189 2024 ne
1204 1970 1330 2026 facilitas
1342 1971 1435 2026 veniae
1450 1970 1631 2026 incentivum
1642 1969 1774 2041 prebeat
1784 1969 1889 2024 delin-

1060 2057 1887 2131 quendi,sicommunionifideliumreconciliarideside-

1060 2152 1137 2215 rant,
1153 2147 1190 2203 ad
1212 2147 1312 2204 sedem
1337 2139 1531 2221 apostolicam
1557 2148 1678 2203 veniant
1700 2145 1887 2216 absolvendi,

1061 2239 1119 2294 nisi
1132 2238 1207 2294 forte
1222 2237 1366 2294 articulus
1381 2239 1485 2294 mortis
1508 2238 1664 2294 immineat
1678 2237 1723 2293 rel
1736 2237 1887 2294 hostilitas

1060 2328 1206 2400 impediat
1216 2327 1351 2400 capitalis
1363 2345 1369 2395 ;
1380 2328 1488 2398 quibus
1503 2327 1535 2382 in
1548 2333 1674 2398 utroque
1683 2343 1754 2383 casu
1767 2331 1890 2398 recepta

1062 2417 1226 2473 secundum
1241 2417 1368 2472 formam
1384 2416 1522 2473 Ecclesiae
1538 2415 1793 2472 sufficientissima
1815 2431 1891 2472 cau-

1061 2507 1142 2562 tione
1158 2505 1237 2578 quod
1252 2506 1364 2561 nostris
1379 2505 1508 2562 debeant
1523 2505 1644 2561 obedire
1657 2505 1816 2573 mandatiS,
1832 2505 1890 2560 ab·

1062 2595 1220 2651 solutionis
1234 2595 1413 2650 beneficium
1437 2595 1738 2650 nostraauctoritate
1763 2594 1888 2666 potestis

1063 3043 1113 3098 bet
1127 3043 1278 3098 attentetis
1294 3043 1488 3114 [attentetur].

1025 3135 1049 3202 (”,·
1100 3135 1206 3189 Datum
1216 3135 1316 3190 Romae
1331 3135 1409 3206 apud
1421 3134 1561 3188 Sanctum
1576 3134 1707 3199 Petrum,

1398 3241 1539 3296 CLXVIII.

1184 3354 1395 3395 ancuvarvscoro
1415 3355 1447 3394 ar
1466 3353 1596 3394 cnrvruno
1625 3351 1764 3393 runannvv.

216 3429 276 3486 Piae
303 3431 464 3502 P⁰⁵l¹¹¹³li⁰
479 3431 640 3489 Wlusslalis
655 3434 762 3490 effesslu
787 3434 875 3490 debe-l
897 3453 1005 3508 prose·
1061 3445 1239 3501 citanturad
1253 3445 1421 3500 audiendum
1440 3445 1600 3499 sortientium
1642 3444 1748 3510 referre
1763 3442 1891 3495 accusa

182 3521 1005 3596 quentecompleriuerefrigescatcharitatispostulantis
1186 3518 1308 3587 ipsorum
1332 3521 1426 3570 sortita
1441 3515 1588 3570 Ecclesiam
1634 3514 1759 3568 amasam.

181 3626 217 3664 ex
233 3608 375 3683 longioris
390 3627 481 3666 morai
491 3611 613 3668 fastidio
624 3613 669 3669 val
685 3631 720 3669 ex
733 3613 813 3670 brevi
826 3615 916 3670 etiam
929 3616 1006 3672 dila·
1095 3616 1151 3686 (65)
1164 3615 1244 3672 Licet
1258 3614 1290 3668 in
1306 3612 1456 3670 Ezechiele
1471 3612 1586 3684 legatur
1596 3627 1605 3666 :
1617 3609 1757 3668 Animalia
1773 3609 1849 3663 ibant
1860 3616 1888 3664 et

183 3699 1004 3775 tionetepcscat.significastisiquidemnobisquodcum
1058 3721 1112 3760 ivon
1127 3705 1341 3771 revocabantur,
1368 3707 1466 3759 tomen
1489 3700 1624 3772 sequitur
1645 3699 1676 3754 in
1692 3697 1796 3754 eodem
1812 3698 1886 3753 Arri·

182 3786 308 3843 eeclesia
322 3788 421 3844 Sancti
434 3790 513 3844 Petri
525 3789 562 3846 de
576 3791 677 3845 Castro
689 3791 745 3846 sita
756 3791 842 3862 juxta
854 3799 1004 3850 monaste-
1058 3793 1143 3848 nialia
1156 3793 1244 3860 ibam,
1261 3799 1286 3847 ot
1307 3791 1522 3847 revertebantur.
1539 3789 1677 3855 Quamvis
1701 3792 1800 3842 autem
1817 3787 1885 3842 haec

181 3876 259 3931 rium
273 3880 357 3931 tuum
372 3875 467 3932 libera
481 3878 529 3946 sit,
546 3883 575 3932 et
590 3879 666 3934 sicut
675 3880 773 3950 ipsum
788 3882 1002 3938 monasterium
1057 3897 1161 3937 vocum
1177 3880 1362 3936 dissonantia
1377 3877 1541 3934 secundum
1557 3891 1663 3932 sanum
1681 3877 1826 3931 consonet
1835 3873 1886 3928 in·

181 3962 218 4020 ab
235 3964 395 4036 episcopali
407 3966 616 4036 jurisdictione
630 3967 797 4039 penitussit
811 3977 957 4042 exempta,
974 3977 1004 4027 et
1058 3968 1208 4025 tellectum
1220 3968 1352 4024 etvarias
1368 3967 1566 4040 expositiones
1576 3963 1685 4020 habeat
1696 3964 1836 4035 mysticas
1851 3968 1883 4018 et

182 4052 213 4106 in
234 4068 268 4107 ea
282 4052 354 4108 olim
373 4069 437 4108 esse
457 4057 665 4112 consueverint
681 4058 817 4112 cononici
832 4060 1001 4129 seaculares,
1057 4057 1198 4125 morales,
1211 4062 1337 4130 possunt
1348 4063 1449 4112 tamen
1463 4071 1517 4128 per
1528 4053 1672 4110 animalia
1686 4051 1807 4118 munda,
1817 4067 1885 4121 qum

180 4139 415 4213 predecessores
430 4144 483 4212 tui,
504 4149 537 4198 ut
557 4145 760 4216 possessiones
776 4147 869 4218 ipsius
888 4149 918 4203 in
932 4166 1001 4205 suos
1055 4149 1208 4203 ruminant
1219 4137 1396 4220 etung‘ulam
1408 4141 1883 4212 findunt,rectoreslicolesiaenon

180 4245 252 4286 usus
267 4237 482 4301 converterent,
498 4237 531 4288 ut
546 4233 577 4288 in
597 4234 661 4305 ipsa
683 4234 815 4291 lacerent
828 4254 882 4308 par
895 4254 1001 4294 mona·
1054 4247 1216 4310 incongrue
1232 4235 1402 4310 designari:
1419 4234 1469 4306 qui
1484 4229 1680 4288 discernendo
1696 4229 1878 4303 linguntun-

179 4319 420 4376 obosministrari
430 4321 647 4394 indulgentiam
660 4341 677 4380 a
690 4325 759 4380 sede
770 4326 933 4398 apostolica
943 4328 1000 4382 im·
1054 4325 1153 4396 gulam
1168 4331 1197 4380 et
1216 4325 1371 4380 ruminant
1390 4322 1583 4378 meditando:
1609 4321 1658 4393 qui
1683 4319 1753 4374 dnm
1780 4318 1883 4392 aliqua

177 4412 342 4480 patrarunt.
356 4411 461 4466 Verum
472 4413 613 4481 quoniam
625 4413 655 4468 in
671 4415 815 4470 caminus
826 4416 999 4472 solemniter
1054 4421 1187 4471 statuunt
1201 4431 1266 4486 quas
1282 4411 1469 4486 postmodum
1491 4429 1549 4466 non
1575 4413 1747 4476 retractant,
1764 4412 1836 4462 eunt
1852 4413 1883 4463 et

179 4495 304 4552 Domino
316 4497 490 4568 deservitur,
502 4500 538 4555 ad
553 4502 757 4574 ampliandum
767 4503 876 4560 ibidem
886 4505 998 4562 cultum
1014 4510 1041 4574 D
1058 4520 1117 4559 non
1133 4508 1321 4559 revertuntur
1338 4521 1344 4570 ;
1361 4519 1427 4558 cum
1438 4519 1506 4557 vero
1522 4499 1636 4570 aliquid
1652 4501 1787 4554 statuunt
1801 4495 1884 4568 quod

178 4583 406 4642 divininominis
415 4589 574 4645 canonicos
583 4591 750 4658 smculares,
759 4599 848 4664 prout
856 4594 895 4650 ibi
907 4611 1002 4666 quan-

178 4672 248 4729 dam
260 4673 391 4744 lucrant,
403 4675 434 4731 in
443 4691 478 4732 ea
490 4677 627 4734 ordinare
638 4678 790 4736 desideras
805 4689 834 4738 et
848 4683 891 4740 eis
905 4689 1002 4740 certos

176 4761 1000 4843 redditusnssignare.ltapropter,dilecteinllominoilli,

177 4850 374 4907 intentionem
387 4858 468 4908 tuam
480 4853 661 4911 laudabilem
672 4859 1002 4928 attendentesauotori-

180 4943 240 4996 tate
253 4939 305 4996 tibi
314 4941 506 5012 praesentium
518 4942 707 5016 indulgemus
718 4948 793 5004 utde
806 4949 931 5006 consilio
941 4951 1002 5007 fra-

177 5033 256 5084 trum
273 5034 390 5084 tuorum
418 5029 463 5086 vel
487 5032 610 5102 majoris
624 5039 653 5088 et
665 5035 791 5092 sanioris
806 5039 898 5108 partis
921 5040 1001 5095 inea

175 5119 337 5174 canonicos
352 5116 510 5176 saeculares
521 5119 668 5192 instituas,
682 5130 711 5179 et
723 5130 781 5182 tam
790 5126 826 5182 de
837 5125 923 5183 bonis
936 5145 1001 5184 mo-

175 5208 297 5262 nasterii
310 5208 352 5262 tui
365 5223 453 5280 quam
465 5207 500 5263 de
510 5207 556 5264 bis
569 5228 634 5282 qnae
646 5213 687 5281 ibi
697 5231 714 5268 a
725 5215 863 5272 fidelihus
872 5219 1000 5273 olleren·

174 5299 223 5350 tur
237 5296 372 5352 redditus
383 5297 426 5354 eis
436 5304 641 5370 competentes
651 5303 798 5376 assignes:
807 5305 848 5360 ita
859 5311 957 5362 tamen
969 5313 1002 5362 ut

174 5382 206 5437 in
217 5384 300 5441 nullo
315 5385 437 5442 libertas
453 5385 506 5444 illa
518 5387 670 5461 depereat,
689 5409 779 5463 quam
794 5395 820 5449 ei
833 5394 1000 5466 praedeces-

208 5561 264 5636 (dbl
279 5563 351 5622 vido
365 5561 418 5622 lib.
433 5581 463 5636 u,
479 5566 565 5640 epist.
582 5569 617 5624 82
632 5571 663 5626 et
676 5585 741 5646 sqq.

1058 4593 1246 4665 postmodum
1262 4599 1399 4648 revocant
1410 4591 1533 4646 consiliu
1543 4588 1666 4654 seniori,
1680 4591 1790 4642 euntet
1804 4587 1883 4641 sicut

1057 4682 1092 4738 de
1104 4681 1284 4738 animalibus
1300 4681 1416 4754 legitur,
1434 4683 1632 4734 revertuntur.
1649 4676 1767 4731 Utinam
1781 4679 1881 4730 autem

1056 4771 1290 4844 praedecessores
1307 4769 1399 4825 nostri
1413 4767 1539 4824 Romani
1549 4765 1708 4822 Pontifices
1723 4764 1754 4818 in
1767 4763 1882 4820 diffini·

1056 4860 1137 4915 tione
1153 4860 1233 4914 illins
1249 4859 1356 4914 veteris
1367 4863 1396 4913 et
1411 4855 1544 4912 nondum
1560 4855 1740 4918 inveterata,
1752 4851 1803 4907 sed
1819 4869 1880 4924 prce

1055 4940 1879 5018 vetustatenotissimaequastionis,quainterTaronen.

1056 5043 1085 5093 et
1108 5037 1209 5093 llolen.
1227 5037 1374 5092 Ecclesias
1398 5035 1454 5090 suit
1479 5033 1590 5090 diutius
1614 5032 1723 5104 agitata
1737 5034 1767 5084 et
1781 5027 1879 5085 adbuc

1056 5127 1220 5200 subjudice
1233 5127 1270 5184 lis
1282 5131 1336 5195 est,
1348 5122 1527 5182 animalibus
1539 5139 1604 5194 quae
1616 5121 1708 5189 ibant,
1723 5125 1752 5174 et
1763 5134 1823 5174 non
1836 5135 1881 5175 re-

1055 5218 1257 5286 vertebantur,
1268 5219 1391 5289 possent
1402 5212 1565 5270 secundum
1575 5210 1702 5266 formam
1719 5207 1880 5280 expositio·

1055 5306 1102 5362 nis
1118 5299 1493 5379 suprapositre‘comparari
1507 5319 1514 5370 ;
1530 5305 1564 5357 ut
1578 5300 1658 5372 quod
1674 5313 1763 5370 super
1774 5311 1809 5352 ea
1819 5301 1880 5352 sta-

1055 5401 1177 5453 tuerunt
1191 5395 1290 5454 taliter
1305 5399 1457 5467 receptum
1467 5391 1573 5448 fuisset
1587 5407 1604 5446 a
1617 5387 1751 5464 partibus
1767 5390 1796 5442 et
1810 5402 1879 5442 ser-
