3956 6056
7 295 8 300 ’
119 287 170 344 393
635 261 888 332 Ponnmcerus
906 257 1003 318 dano
1022 257 1046 327 l,
1065 258 1203 316 CHRISTI
1221 260 1300 316 lise.
1767 255 1819 309 est

113 421 173 472 tem
188 411 264 488 (184)
279 410 393 468 ordinis
404 407 566 483 judiciarii,
582 419 671 478 quum
687 403 718 458 in
733 400 780 456 bis
794 413 857 454 non
872 411 935 452 ser·
949 389 980 455 Α
995 386 1116 455 cicade
1131 388 1257 445 consilio
1268 395 1387 446 tuorum
1397 389 1524 446 vendere
1535 385 1818 445 valeasolericorum

112 504 173 560 vari
186 499 352 576 peremnia
367 499 562 572 ipsaquoque
579 493 658 570 juris
674 491 750 547 ratio
765 487 897 562 postulat
911 485 941 540 et
995 477 1169 533 auctoritate
1184 479 1238 533 tibi
1253 480 1445 550 praesentium
1461 477 1661 550 indulgemus.

108 593 246 666 requirit.
264 587 346 647 Unde
362 587 520 654 videbitur,
536 600 591 641 nec
614 581 775 646 immerito,
792 574 941 633 subtiliter
1030 567 1135 622 Datum
1149 567 1296 636 Laterani,
1313 568 1413 624 Idibus
1425 567 1608 624 Novembris.

109 681 242 740 intuenti
255 678 401 736 deordine
408 675 593 750 judiciorum
605 670 765 745 procedere
776 670 809 722 ut
820 666 852 721 in
863 681 939 737 pres·
1313 667 1496 724 ccccxvffl,

109 771 212 828 missis
222 785 284 826 nou
294 783 348 842 per
359 765 462 823 omnia
471 763 543 820 ordo
559 755 937 834 judiciariusobservetur:
1061 769 1168 810 usurpo
1187 771 1219 811 m
1238 771 1369 812 mmm
1388 773 1467 813 ,Em
1487 771 1588 812 mm„
1606 771 1747 812 „cmm

108 875 286 934 quenquam
301 861 331 912 et
346 851 510 912 secundnm
529 849 725 923 approbatum
752 843 938 934 intellectum
996 843 1029 898 Ut
1049 845 1128 899 Petro
1149 847 1241 915 nepoti
1263 847 1395 902 aimerici
1418 847 1451 902 de
1469 847 1626 902 Porttniuco
1637 845 1817 916 prebendam

109 948 271 1022 Scriptum
281 945 389 1001 divinae
399 946 479 999 recte
492 935 722 1013 possitintelligi
734 930 814 1006 quod
829 932 939 1004 jussa
1330 920 1481 986 conserant.

108 1039 184 1094 utin
194 1034 333 1092 omnibns
343 1031 440 1090 causis
452 1029 587 1086 ordinem
593 1024 787 1100 judiciarium
802 1021 937 1076 observa·
1175 1005 1333 1078 (Laterani,
1349 1023 1367 1061 11
1381 1003 1423 1061 ld.
1440 1003 1633 1078 Novembris.)

108 1143 170 1194 res,
181 1125 212 1181 in
223 1124 285 1181 illis
293 1121 431 1179 videlicet
440 1121 471 1176 in
482 1117 591 1192 quibus
612 1120 656 1171 est
670 1113 742 1170 ordo
758 1108 938 1185 judiciarius
1028 1092 1102 1166 (185)
1110 1093 1139 1149 Si
1150 1109 1215 1150 eam
1229 1111 1295 1166 quae
1311 1093 1389 1166 apud
1405 1111 1459 1151 nos
1474 1093 1629 1167 plenitudo
1640 1091 1753 1150 residet
1762 1109 1814 1165 ρο.

108 1211 321 1272 observandus,
339 1211 385 1268 Sic
400 1225 469 1282 ergo
485 1206 609 1273 faciens,
626 1207 655 1260 0(
670 1198 835 1276 juramenti
851 1202 937 1253 (eno-
991 1182 1117 1251 tflbiafis,
1134 1199 1193 1255 qua
1207 1199 1269 1240 lion
1284 1183 1455 1240 extollimur
1467 1183 1499 1238 in
1514 1182 1684 1255 superbiam
1706 1182 1758 1238 sed
1779 1181 1816 1238 Ed

106 1321 173 1361 rem
185 1301 314 1360 sembi,
326 1303 357 1356 0(
370 1298 506 1355 instituta
517 1293 660 1351 canonica
674 1305 736 1347 non
751 1287 881 1344 omittes,
989 1272 1206 1346 providentiam
1222 1273 1386 1329 excitamur
1399 1271 1644 1328 considerassetis
1656 1275 1816 1340 attente,ct

145 1395 251 1450 nasum
267 1388 414 1458 Laterani,
431 1403 498 1442 svm
513 1383 576 1440 Kal,
593 1377 773 1439 Decembris,
989 1377 1049 1434 qua
1062 1362 1140 1420 iacta
1154 1367 1256 1418 nostra
1270 1362 1410 1435 prosequi
1425 1361 1607 1435 perfectione
1621 1360 1747 1416 velimus
1765 1377 1815 1418 vo·

442 1473 601 1532 ccccm
989 1452 1121 1508 inissetis
1141 1451 1280 1508 subtilius
1306 1452 1427 1520 intueri,
1441 1466 1595 1523 nunquam
1611 1467 1663 1507 cor
1683 1457 1813 1507 vestrum

108 1585 270 1639 mmm,
281 1583 434 1625 mum„
452 1580 485 1621 ῃ
503 1579 574 1621 „ns
590 1573 777 1619 mmmm
795 1571 934 1614 „mm
987 1541 1019 1596 iu
1035 1545 1126 1598 tantas
1140 1541 1382 1614 presumptionis
1397 1540 1551 1597 audaciam
1563 1539 1758 1608 ascendisset,
1768 1545 1812 1610 ut,

255 1663 394 1707 mm
412 1659 610 1703 mmmm
628 1655 778 1700 summe,
988 1628 1244 1685 sicuttestimonio
1255 1629 1417 1685 multorum
1435 1629 1613 1701 accepimus,
1625 1633 1686 1686 tam
1700 1634 1812 1686 temere

234 1741 273 1798 p,
295 1739 364 1794 pom
384 1741 410 1793 οι
431 1751 472 1790 r„
495 1733 620 1790 poclm„
644 1730 806 1787 armeus,
947 1719 1099 1814 Buostris
1109 1718 1330 1790 presumeretis
1341 1717 1577 1775 institutionibus
1587 1718 1714 1776 obviare.
1724 1721 1813 1776 Reco-

261 1825 418 1900 (Laterani,
434 1840 490 1880 xvn
503 1822 566 1880 lial.
583 1818 778 1892 Decembris.)
989 1809 1078 1865 limus
1093 1807 1240 1880 siquidem
1257 1807 1337 1879 quod
1353 1806 1491 1866 defuncto
1506 1809 1656 1881 quondam
1677 1811 1709 1865 in
1734 1810 1811 1868 Urbe

146 1921 220 1977 Cum
246 1916 337 1976 sacris
363 1912 528 1972 canonibus
557 1913 693 1968 caveatur
713 1924 752 1964 ne
766 1903 934 1975 abbatibus,
988 1899 1130 1972 magistro
1141 1898 1287 1955 dimerico
1300 1897 1336 1954 de
1346 1898 1603 1971 partiniaco‚erga
1619 1898 1760 1954 dilectum
1776 1899 1811 1955 ss·

101 2008 286 2086 presbyteris
310 2003 436 2077 aliisque
462 2000 608 2059 ministris
636 1997 777 2055 derebus
792 1994 934 2052 ecclesia·
988 1989 1189 2046 liumPetrum
1198 1993 1337 2060 nepotem
1351 1987 1444 2060 ipsius
1455 2004 1516 2044 uon
1526 1987 1811 2060 potuerimusmise·

102 2100 187 2158 sticis
202 2097 247 2154 vel
262 2111 346 2153 sacro
361 2091 531 2150 ministerio
556 2087 705 2164 deputatis
729 2086 841 2157 absque
864 2099 933 2156 per·
986 2079 1116 2138 ricerdis
1124 2095 1185 2136 non
1201 2079 1326 2146 moreri3
1338 2094 1426 2150 quem
1442 2076 1575 2135 ridentes
1590 2079 1672 2134 omni
1687 2079 1811 2136 consilio

100 2189 246 2247 missione
256 2202 291 2243 ac
305 2181 529 2256 subscriptione
541 2179 587 2236 sui
597 2175 728 2251 episcopi
739 2172 852 2246 aliquid
863 2172 932 2228 alie·
987 2176 1016 2228 ct
1029 2170 1139 2227 auxilio
1156 2169 1339 2237 destitutum,
1356 2166 1392 2224 ed
1408 2167 1606 2240 precisionem
1621 2167 1686 2239 ejus
1700 2167 1810 2224 luimus

95 2295 171 2336 nare
200 2277 303 2343 liceat,
318 2273 364 2330 rel
393 2271 482 2328 etiam
511 2268 654 2342 obligare,
683 2279 744 2322 non
772 2276 932 2336 possumus
984 2257 1342 2326 vehementiusexoituti3
1359 2257 1460 2328 sicque
1475 2255 1512 2313 ed
1532 2255 1725 2313 desolationis
1749 2275 1809 2316 suae

100 2384 165 2426 nou
178 2365 283 2423 mirari
292 2362 381 2437 quod,
393 2361 582 2419 sicutnostro
593 2361 638 2413 est
658 2353 835 2428 apostolatui
849 2365 932 2408 rese·
983 2345 1360 2418 remedium,praebendam
1371 2361 1461 2417 quam
1472 2345 1552 2402 idem
1567 2347 1730 2403 avunculus
1745 2347 1810 2421 ejus

96 2462 209 2525 ratum,
224 2453 432 2530 possessiones
449 2447 651 2506 Ecclesiamm
670 2444 791 2510 donare,
803 2439 930 2496 vendere
985 2436 1016 2490 in
1031 2435 1163 2490 Ecclesia
1172 2439 1268 2490 vestra
1279 2433 1350 2488 olim
1361 2433 1517 2502 babuerat,
1528 2435 1604 2490 sicut
1618 2435 1655 2491 de
1678 2436 1809 2508 plenitu-

100 2543 297 2621 praesumitis,
314 2546 344 2598 ct
367 2540 476 2606 locare,
491 2533 654 2592 venerabili
668 2532 759 2588 tratre
779 2532 880 2586 nostro
895 2530 929 2584 Α.
984 2523 1054 2580 dine
1068 2523 1223 2596 potestatis
1236 2521 1323 2578 nobis
1339 2538 1486 2578 concessae
1507 2522 1626 2592 licebat,
1640 2525 1667 2580 ei
1690 2525 1808 2582 miseri-

98 2618 930 2708 Napolitanoarchiepiscoponullatenusreqnisito.cum
984 2609 1806 2684 corditerduximusconferendamdeipseperannulum

101 2724 206 2795 itaque
219 2723 339 2777 cautum
349 2717 387 2773 sit
394 2717 463 2789 jure
479 2712 623 2771 canonico
631 2715 661 2767 et
673 2711 805 2766 hnmano
819 2712 932 2779 utque
986 2699 1114 2776 propriis
1125 2699 1262 2757 manibus
1272 2699 1464 2756 investientes
1472 2700 1610 2756 eumdem
1621 2717 1745 2774 eamque
1753 2702 1809 2776 ipsi

101 2817 210 2870 contra
219 2809 299 2880 leges
311 2807 387 2862 liunt
395 2803 562 2862 habeantur
576 2818 628 2874 pro
637 2797 793 2856 inutilibus
812 2801 842 2854 ct
856 2794 932 2853 inle·
987 2790 1161 2850 anctoritate
1192 2791 1355 2862 apostolica
1378 2790 1601 2860 confirmantes,
1626 2807 1664 2848 ne
1693 2793 1810 2849 investi·

104 2886 840 2966 ctis,universitativestrteparapostolioascripta
857 2902 934 2957 prra-
987 2886 1054 2938 tura
1077 2886 1180 2936 nostra
1205 2879 1265 2935 sive
1286 2879 1406 2936 donatio
1431 2884 1548 2952 sperato
1573 2885 1675 2953 posset
1703 2883 1810 2938 ellectu

103 2985 243 3059 cipieudo
258 2983 435 3041 mandamus
449 2985 595 3054 quatenus
607 2978 644 3034 ab
659 2977 706 3033 his
723 2991 789 3048 quae
812 2975 932 3046 premi·
988 2969 1191 3042 quorumlibet
1205 2968 1370 3024 temeritate
1394 2969 1513 3043 privari.
1530 2969 1612 3026 Unde
1637 2985 1704 3026 curu
1728 2969 1810 3027 vobis

101 3075 199 3134 simus
210 3074 397 3140 desistentes,
408 3068 706 3134 bonaEcclesiurum,
717 3081 843 3137 quarum
858 3081 971 3174 con·G
987 3058 1234 3132 praecepissemus
1243 3056 1376 3114 districte
1386 3058 1526 3131 utipsum
1541 3059 1578 3114 oh
1599 3060 1677 3116 sedis
1692 3065 1811 3132 aposto·

100 3164 248 3222 ditionem
272 3161 428 3218 meliorem
447 3156 572 3232 potestis
586 3155 693 3224 lacere,
710 3171 770 3210 nou
783 3153 928 3227 pejorem,
984 3147 1050 3204 lica
1064 3148 1261 3204 reverentiam
1277 3148 1400 3220 ejusque
1416 3147 1572 3219 probitatis
1596 3148 1762 3217 obtentum,
1779 3150 1810 3204 in

99 3253 161 3311 nisi
169 3251 332 3309 necessitas
339 3249 385 3307 vel
393 3248 506 3305 utilitas
517 3243 812 3320 exegeritmanilesta
821 3247 849 3298 ct
864 3243 929 3298 sine
982 3243 1113 3294 restrum
1126 3236 1249 3292 tratrem
1265 3241 1295 3292 et
1314 3237 1491 3293 canonicum
1516 3236 1706 3294 admittentes
1730 3238 1809 3309 jem·

100 3339 350 3413 licentiaprrelati
366 3334 580 3409 archiepiscopi
597 3333 728 3390 alienare
743 3332 775 3388 iu
790 3331 929 3405 praejudi·
983 3327 1069 3384 dicte
1083 3325 1251 3398 praebendas
1265 3324 1455 3392 heneficium,
1465 3325 1632 3381 sicutillam
1646 3323 1809 3382 avunculus

102 3431 184 3489 cium
198 3427 398 3487 Ecclesiamm
408 3430 573 3482 vestrarum
585 3423 757 3479 nullatenus
767 3420 928 3477 attentetis.
984 3415 1078 3489 ipsius
1093 3413 1166 3470 olim
1178 3415 1312 3470 noscitur
1338 3413 1488 3480 habuisse,
1501 3414 1746 3485 contradictione,
1762 3431 1807 3470 oc.

103 3518 246 3590 Alioquin
257 3508 931 3586 cidemerohiepiscopodedimusinmandatis
985 3511 1015 3562 et
1028 3521 1076 3577 up.
1093 3503 1287 3573 cessantibus,
1302 3504 1366 3559 sine
1381 3502 1556 3560 diillcultote
1579 3504 1713 3576 qualibet
1733 3505 1808 3560 assi·

104 3613 140 3666 ut
154 3605 179 3665 si
195 3607 282 3663 aliter
297 3622 314 3664 a
328 3603 411 3661 vobis
424 3609 536 3659 temere
553 3600 664 3657 iactum
687 3599 787 3670 luerit,
803 3598 932 3655 auctori·
985 3609 1076 3668 gnare
1095 3591 1218 3648 minime
1232 3591 1402 3662 differretis,
1413 3609 1464 3648 vos
1479 3592 1509 3648 id
1521 3593 1660 3649 noluistis
1675 3594 1807 3665 exsequi,

104 3703 166 3754 tete
182 3698 330 3753 nostrast
352 3709 416 3762 sua,
427 3695 516 3766 prout
528 3690 579 3763 jus
597 3689 775 3763 expostulat,
791 3688 933 3747 decernat
986 3689 1020 3741 ut
1034 3683 1168 3753 decebat,
1183 3683 1255 3739 licet
1268 3683 1446 3740 venerabilis
1461 3685 1553 3740 irater
1575 3689 1677 3741 noster
1698 3683 1809 3742 Bnrde-

104 3785 225 3842 irritum
240 3789 270 3841 et
281 3784 381 3841 inane.
986 3773 1083 3848 gelen.
1099 3771 1350 3845 archiepiscopus,
1366 3773 1442 3830 sicut
1456 3790 1492 3830 ex
1506 3773 1614 3831 litteris
1636 3774 1701 3848 ejus
1725 3791 1810 3831 accc·

145 3865 609 3940 lletumLaterani,xvnKelend.
625 3865 807 3924 Decembris.
986 3863 1095 3936 pimus,
1110 3863 1196 3919 bonas
1220 3864 1372 3919 memorius
1395 3865 1429 3920 Α.
1446 3863 1592 3921 Pictaveu.
1610 3864 1740 3937 episcopi
1762 3881 1811 3920 vo-

354 4035 358 4041 ·
430 3953 602 4014 ccccxvll.
986 3956 1052 4012 lens
1079 3955 1218 4028 supplere
1246 3954 1406 4025 deiectum,
1423 3956 1473 4029 qui
1493 3972 1583 4029 super
1602 3956 1659 4012 hoc
1683 3955 1810 4012 euobis

269 4067 317 4108 su.
338 4063 525 4106 umromrsao
545 4059 767 4103 securrmscoro.
986 4045 1189 4114 datusfuerat,
1201 4049 1364 4114 exsecutor,
1375 4050 1570 4118 nostrumque
1588 4051 1730 4117 tanquam
1745 4061 1811 4117 pro·

182 4144 298 4212 Propter
312 4139 404 4196 debito
417 4133 545 4193 Ecclesia
559 4136 655 4207 utiquc
669 4134 783 4191 uendere
798 4133 868 4191 licet.
986 4136 1069 4193 vidus
1085 4140 1114 4191 et
1131 4135 1277 4192 discretus
1294 4135 1480 4208 propositum
1499 4135 1651 4208 adjuvare,
1663 4153 1714 4191 vos
1728 4134 1764 4191 ad
1779 4133 1810 4188 id

304 4225 462 4300 (Laterani,
478 4223 520 4280 ld.
536 4223 729 4292 Novembris.)
987 4241 1054 4282 oum
1070 4227 1131 4281 suis
1158 4224 1266 4282 litteris
1289 4225 1464 4282 monuisset.
1479 4226 1535 4280 llos
1562 4225 1662 4298 igitur,
1677 4224 1748 4280 licet
1775 4241 1811 4280 ex

144 4320 226 4376 Sicut
246 4316 357 4373 nostris
382 4317 428 4371 est
448 4311 571 4369 auribus
595 4311 776 4380 intimatum,
800 4311 933 4368 Ecclesia
986 4315 1054 4382 hoc,
1069 4331 1125 4370 nec
1150 4314 1310 4384 immerito,
1323 4319 1427 4371 contra
1448 4330 1499 4368 vos
1523 4313 1732 4371 commotionis
1747 4327 1810 4367 me·

107 4406 303 4481 Neapolitana
317 4401 651 4476 tantopremituroncre
664 4400 843 4469 debitorum,
853 4399 932 4472 quod
990 4406 1096 4462 teriam
1113 4403 1287 4470 habeamus,
1303 4404 1454 4460 vobiscum
1465 4404 1496 4458 in
1509 4402 1614 4476 spiritu
1630 4401 1762 4458 lenitatis
1783 4407 1814 4458 et

108 4499 198 4556 aliter
208 4493 329 4553 liberari
339 4509 399 4549 non
408 4491 527 4564 poterit,
538 4489 596 4546 nisi
611 4489 647 4546 de
659 4487 754 4562 ipsius
769 4469 975 4563 possessio-D
992 4493 1229 4554 mansuetudinis
1244 4492 1340 4550 adhuc
1356 4509 1440 4566 agere
1463 4492 1628 4564 cupientes,
1639 4507 1693 4564 per
1707 4492 1815 4547 iterata

110 4587 200 4646 nibus
224 4583 408 4642 distrahatur
424 4598 431 4637 :
448 4579 527 4652 quod
550 4583 582 4635 tu
604 4579 759 4636 occasione
771 4580 935 4653 juramenti
990 4584 1073 4640 vobis
1088 4583 1198 4655 scripta
1213 4579 1390 4638 mandamus
1412 4585 1442 4636 et
1463 4581 1493 4636 in
1515 4579 1691 4636 obedientiae
1706 4580 1813 4636 virtute

111 4681 181 4750 post
207 4671 474 4740 consecrationem,
497 4669 574 4725 siout
595 4669 687 4725 moris
716 4674 772 4737 esi,
799 4671 935 4740 praestiti,
991 4675 1124 4732 districte
1142 4671 1331 4745 precipimus
1349 4675 1505 4742 quatenns,
1515 4676 1604 4743 prout
1618 4670 1650 4728 in
1664 4669 1813 4728 mandatis

111 4782 171 4838 quo
183 4765 264 4821 inter
279 4762 337 4819 alia
351 4759 438 4817 vendi
455 4757 658 4832 possessiones
673 4757 812 4814 Ecclesia
833 4758 936 4830 prohi-
991 4763 1112 4833 nostris,
1124 4766 1158 4818 ut
1171 4761 1282 4817 dictum
1298 4765 1353 4829 est,
1368 4759 1532 4832 recepistis,
1549 4759 1713 4829 dilationis,
1729 4775 1813 4817 occa·

110 4847 593 4921 bantur,absquelioeutianostra
607 4845 703 4902 lacere
720 4862 782 4902 uon
798 4851 936 4904 attentas·
992 4855 1096 4924 sionis,
1112 4853 1294 4926 exceptionis
1310 4855 1339 4907 et
1349 4851 1556 4925 appellationis
1578 4855 1726 4908 summoto
1755 4849 1814 4906 dif-

111 4945 170 5000 Nos
180 4941 269 5016 igitur
278 4937 466 4996 attendentes
478 4933 556 5008 quod
568 4935 740 5008 hujusmodi
751 4942 938 4993 sacramenta
991 4944 1082 5018 fugio,
1095 4959 1156 4999 uon
1173 4943 1309 4998 obstante
1323 4941 1412 4998 etiam
1428 4941 1452 4997 si
1467 4941 1588 4998 interim
1615 4947 1737 5014 propter
1756 4941 1814 4996 hoc

111 5030 218 5089 sintob
228 5029 358 5086 favorem
367 5026 571 5083 Ecclesiemm-
582 5024 751 5081 introducta
770 5043 826 5081 nec
838 5027 870 5082 in
883 5043 936 5083 ea·
992 5033 1129 5089 nuntium
1145 5031 1182 5088 ad
1198 5029 1297 5087 sedem
1309 5027 1502 5101 apostolicum
1513 5027 1730 5096 transmisistis,
1740 5045 1815 5100 prrs-

110 5137 178 5179 rum
194 5119 323 5176 debeant
335 5115 500 5188 retorqueri
515 5115 680 5185 laesionem,
694 5115 813 5186 plenam
827 5116 863 5173 de
888 5121 939 5172 tua
991 5123 1051 5179 lato
1063 5123 1095 5177 P.
1108 5121 1219 5177 dictum
1233 5119 1413 5175 beneficium
1423 5135 1491 5174 cum
1503 5117 1647 5174 fructibus
1657 5123 1725 5188 post
1739 5132 1813 5187 preo-

112 5209 294 5268 discretione
308 5205 447 5262 ilduciam
462 5204 641 5272 obtinentes,
658 5209 692 5260 nt
718 5221 772 5276 pro
800 5205 938 5261 Ecclesiae
993 5211 1191 5269 sentationem
1205 5209 1374 5266 litterarum
1393 5213 1564 5264 nostrarum
1582 5206 1739 5278 perceptis,
1756 5209 1817 5260 tam

112 5305 172 5357 (11ae
197 5295 306 5354 debilis
330 5293 540 5368 Pssrwllessdiss
557 5293 593 5349 de
609 5293 701 5365 ipsius
717 5294 856 5350 Ecclesiffl
870 5311 939 5366 1³⁰⁵-
993 5302 1122 5358 libenter
1129 5315 1220 5371 quam
1229 5297 1405 5367 liberaliter,
1415 5296 1526 5368 absque
1542 5293 1716 5350 difficultate
1726 5295 1818 5365 quali·

114 5385 299 5448 sessionibus
313 5385 413 5441 minus
428 5382 561 5450 utilibus,
575 5397 643 5438 cum
659 5381 695 5437 de
710 5381 870 5438 mobilibus
886 5383 939 5440 de·
992 5390 1220 5463 betassignetis.
1231 5387 1371 5458 Alioquin
1381 5385 1522 5442 noveritis
1534 5400 1589 5440 uos
1599 5381 1816 5440 venerabilibus

116 5479 179 5535 bita
192 5478 344 5549 nequeant
357 5472 499 5546 expediri,
515 5470 679 5528 sessflssduffl
701 5471 836 5528 instituit
850 5487 941 5528 08⁰0-
993 5479 1134 5538 iratribus
1150 5477 1260 5534 nostris
1279 5475 1481 5532 bituricensi
1495 5472 1688 5548 burdegalen.
1701 5473 1817 5532 archie-

154 5617 228 5692 (ltl)
243 5618 277 5672 ln
291 5615 379 5673 tertia
396 5615 434 5671 Co
449 5613 529 5671 llect.
545 5615 741 5674 solennitatem.
1010 5610 1087 5685 (ltlb)
1104 5605 1176 5664 Vide
1193 5617 1284 5675 supra
1299 5601 1395 5672 epist.
1412 5600 1457 5654 89.
