3918 6014
64 279 108 318 rut
740 255 863 312 GESTA.
884 283 918 296 -
937 253 996 312 dot.
1017 257 1096 311 tuot.

62 387 180 444 ardonis
196 387 229 444 in
247 402 316 444 eum
331 385 502 445 senteutiam
518 381 708 456 promulgavit
720 406 728 451 ς
739 380 931 455 ipsumqueA
944 386 1050 453 nostra,
1063 381 1109 438 scd
1121 382 1243 454 fratrum
1252 389 1407 440 nostrarum
1418 385 1553 456 personis,
1567 399 1610 441 eas
1623 399 1673 457 pra
1688 390 1714 444 te
1723 403 1772 458 pe·

1708 275 1774 318 utut

61 477 150 533 maltis
167 492 204 532 ax
220 475 318 532 causis
338 475 484 547 perjuram
499 479 526 532 at
538 473 816 531 excommunicatum
840 473 889 530 do·
942 471 1041 528 riculis
1063 475 1238 544 exponentes,
1263 482 1408 545 postquam
1422 481 1513 529 autem
1528 473 1656 532 Siciliam
1669 481 1710 532 cst
1726 478 1771 532 in·
1880 490 1884 501 ·

60 567 206 636 nandans,
237 575 296 622 tata
319 583 337 622 a
360 562 608 622 Panormitaneusi
632 561 758 620 Ecclesia
774 575 891 634 quamn
943 576 1064 633 pressas,
1080 561 1212 617 dilectum
1223 561 1322 629 fitium,
1339 565 1362 618 l.
1377 562 1579 620 marescalcum
1592 568 1619 620 et
1630 564 1775 622 consobri-

58 657 231 726 trojanensi
249 655 381 726 samarit,
397 655 505 712 taciens
519 653 549 710 in
565 660 683 726 atraque
704 653 794 710 alium
818 669 890 725 prm·
942 665 1012 706 nam
1022 655 1158 718 nastrum,
1169 651 1290 707 nabilem
1300 651 1559 724 ciuemltamarram,
1572 669 1635 709 narn
1648 653 1775 711 exercitu

59 747 147 802 salem
163 743 302 802 ordinari
313 761 321 816 3
334 743 477 800 mandans
487 742 591 813 abique
601 757 653 816 par
664 742 806 814 Regnum,
825 748 854 797 ut
865 741 891 798 ol
944 747 1037 798 rastra
1048 739 1103 808 lbi)
1114 738 1375 797 direcimuscaatra
1386 743 1516 814 eam,qai
1525 741 1558 797 de
1569 741 1640 811 ipso,
1651 744 1774 815 faciente

58 833 154 889 anllus
167 832 348 901 intenderet,
363 845 459 903 nequa
473 846 523 901 per
536 829 645 888 litteras
659 831 711 886 aab
738 830 816 902 regia
839 844 891 887 aa·
946 829 1070 896 bomine,
1095 845 1159 885 cam
1173 829 1298 886 exercita
1320 837 1365 886 tua
1380 829 1550 887 mirabiliter
1565 833 1771 904 triampbnritp

58 923 133 978 uiue
149 921 327 987 destinatas,
342 920 377 977 ad
387 920 597 976 intendendum
611 918 638 975 ai
654 919 795 991 quispiam
813 925 892 976 tona·
944 917 994 985 ἱνα,
1020 919 1105 991 quod,
1120 917 1179 974 nisi
1199 917 1315 989 quidam
1338 919 1370 975 da
1383 918 1578 992 familiaribus
1602 921 1656 976 tuis
1670 923 1775 977 milites

56 1018 139 1067 ratur.
168 1011 229 1067 lios
251 1009 342 1068 misal
359 1008 492 1066 Protinus
505 1008 622 1076 accidit,
637 1009 673 1064 ab
688 1009 828 1066 univorsis
843 1010 892 1065 de·
944 1011 1080 1064 nostrasa
1094 1010 1466 1080 persecutianareaacassent
1481 1010 1580 1079 ipsias,
1596 1008 1774 1082 bodieptena

57 1105 183 1173 spectas,
209 1099 339 1170 abiitque
360 1114 446 1170 sagus
467 1106 495 1155 ct
509 1097 646 1170 prolapus
660 1113 745 1168 sapor
761 1105 863 1156 terram
882 1117 890 1167 ;
944 1095 1001 1152 tibi
1012 1111 1072 1169 pac
1092 1103 1161 1152 esset
1174 1103 1201 1152 et
1214 1100 1308 1169 aptata
1324 1111 1408 1168 reqaa
1429 1096 1620 1168 tranquillitas
1634 1101 1773 1155 restituta·

56 1196 93 1258 et,
108 1204 179 1245 cnm
195 1188 227 1244 ei
244 1203 303 1244 nau
317 1187 516 1244 intenderetur
529 1204 546 1242 a
561 1186 696 1244 fidelibus
710 1187 796 1260 rapis,
820 1201 893 1244 oon·
945 1185 1019 1254 licce,
1037 1186 1068 1240 in
1081 1183 1131 1240 bac
1145 1184 1246 1240 tataris
1261 1184 1385 1242 debitam
1400 1186 1588 1254 exundantes,
1605 1190 1631 1243 et
1646 1203 1702 1244 nan
1717 1196 1774 1244 tum

58 1280 149 1348 prurit
174 1293 209 1334 sc
237 1275 392 1348 Uitruuius,
419 1284 446 1332 et
462 1277 619 1334 fautoribus
633 1276 704 1348 ejas,
720 1285 750 1334 ut
764 1293 832 1334 aum
851 1274 894 1332 als
946 1272 1019 1329 balli
1033 1289 1181 1345 personam
1194 1277 1318 1342 peremtas
1332 1276 1518 1345 quamtulam,
1533 1291 1682 1334 cumaeam
1695 1293 1775 1347 capa·

61 1375 158 1424 casura
179 1381 334 1424 summam
358 1365 564 1438 pontibaamet
579 1367 726 1438 prelatum
757 1365 892 1423 comitam
944 1366 992 1418 tur
1003 1363 1063 1419 sais
1076 1363 1229 1436 sumptibus
1242 1364 1376 1436 mititare,
1391 1363 1675 1436 et‚eadispoaitiaae
1688 1369 1775 1440 lmpe·

61 1457 182 1512 Brennaa
205 1455 297 1522 mala,
321 1469 386 1527 qaae
400 1459 519 1526 poterat,
536 1461 689 1512 arercarat.
705 1453 768 1518 Ono
783 1453 892 1523 andito,
945 1452 1220 1524 ratriciaprudictoe,
1235 1461 1360 1524 sumptus
1374 1453 1455 1509 nabis
1469 1457 1558 1510 essent
1571 1469 1621 1526 pra
1635 1454 1774 1528 reqnine·

64 1547 224 1602 {amitteres
247 1545 334 1616 ragis,
361 1545 410 1616 qui
432 1551 512 1602 arant
535 1543 691 1614 complices
717 1542 894 1612 cancellarii,
945 1541 1121 1596 caecitatibus
1145 1539 1339 1606 ministrandi,
1360 1541 1390 1597 in
1413 1544 1542 1614 expensis
1567 1546 1659 1600 tamen
1675 1545 1776 1601 nastris

65 1643 215 1708 ruperunt
232 1634 318 1692 ratde
333 1633 444 1704 timere,
465 1633 655 1705 lacerantque
672 1647 722 1704 pro
733 1647 764 1690 sa
790 1633 895 1705 pariter
946 1638 1026 1686 tuam
1041 1628 1189 1696 deiecimus
1209 1628 1367 1699 inimicam,
1388 1629 1440 1696 ita,
1466 1631 1548 1702 qaod,
1561 1641 1666 1703 practer
1677 1649 1776 1706 pauca,

66 1733 88 1781 et
108 1741 159 1796 pra
185 1722 241 1780 illo
267 1721 483 1782 intercessorias
496 1721 604 1778 littores
619 1721 671 1780 suh
687 1721 804 1779 aomina
820 1719 896 1794 regio
911 1743 938 1810 Β
952 1717 1017 1775 dam
1031 1733 1140 1776 maram
1153 1719 1288 1792 facerent,
1299 1718 1385 1787 nibil,
1399 1719 1442 1776 act
1457 1719 1486 1774 in
1503 1735 1624 1788 accessa,
1640 1722 1682 1778 uel
1692 1721 1721 1778 in
1733 1739 1777 1778 re·

67 1829 176 1870 summo
192 1811 330 1884 pontifici
344 1811 523 1884 presentari,
539 1813 588 1883 qai
603 1811 660 1884 regi
676 1811 823 1884 rescripsit
843 1810 897 1867 baa
954 1823 1041 1877 cestu,
1064 1807 1167 1864 milites
1182 1807 1272 1864 nostri
1285 1823 1303 1864 a
1315 1807 1371 1864 tais
1388 1808 1579 1880 familiaribus
1593 1818 1777 1884 receperunt:

68 1903 146 1958 modo
163 1901 253 1974 (50):
953 1897 1010 1965 scd,
1038 1899 1139 1967 prater
1165 1911 1311 1970 expensas,
1340 1897 1558 1955 emendationem
1582 1915 1726 1958 arraarum
1752 1907 1778 1959 ct

101 1989 232 2062 [liliatam
251 1987 410 2060 puerilibus
429 1988 514 2044 anub
537 1987 647 2044 uirilem
663 1989 791 2045 animum
806 1989 900 2046 Dami-
954 2001 1089 2059 equarum
1103 1985 1240 2043 militibus
1253 1987 1355 2043 nastris
1379 1987 1509 2044 ducimus
1523 1988 1692 2063 faciendam.
1709 1991 1779 2060 Qui·

68 2093 115 2132 aas
130 2077 309 2149 inspiraret,
323 2079 350 2133 et
359 2075 539 2133 actaliadltuc
549 2085 654 2134 tenerae
663 2076 846 2134 illamsensus
856 2079 901 2134 in·

68 2166 197 2238 {anwed
213 2164 394 2238 pravitatem,
408 2181 555 2237 perquam
573 2167 649 2221 inter
661 2168 707 2236 tas
720 2168 747 2222 et
760 2168 838 2238 netas
854 2166 901 2223 di·

69 2271 220 2323 summes,
237 2256 314 2311 inter
322 2253 409 2325 fidem
421 2258 447 2312 et
460 2253 604 2326 perfidiam
614 2255 825 2327 judicaresmec
835 2255 902 2326 tide·

71 2346 105 2400 les
118 2345 280 2402 damnares
298 2359 352 2414 pra
366 2343 487 2416 perfidis,
511 2359 562 2400 nec
573 2344 691 2416 perfidas
704 2359 753 2417 pra
775 2345 903 2416 fidelibus

68 2435 229 2490 exaltares!
262 2434 375 2490 lltr'nam
402 2448 460 2489 naa
486 2431 677 2506 experimenta
700 2431 829 2505 disceres,
852 2432 904 2490 sed

69 2523 203 2592 dedeina,
222 2523 303 2594 quod
312 2522 341 2576 in
354 2521 504 2593 Euanqelio
514 2522 635 2592 lepitar:
652 2543 666 2572 a
682 2520 801 2579 inimici
814 2521 903 2578 trami-

954 2075 1020 2134 dam
1034 2083 1125 2134 antem
1140 2091 1176 2132 esc
1184 2075 1284 2133 eisdem
1295 2077 1497 2149 familiaribus,
1508 2081 1558 2151 qai
1567 2078 1685 2150 quietem
1699 2081 1780 2151 requi

954 2180 1010 2221 non
1033 2167 1179 2238 appetunt.
1201 2165 1247 2221 sed
1266 2165 1297 2221 in
1312 2167 1373 2236 ejus
1398 2166 1557 2224 turbatione
1570 2170 1713 2226 cammada
1726 2185 1779 2226 saa

953 2256 1070 2326 ponunt,
1086 2255 1116 2310 tn
1131 2269 1203 2325 aqna
1217 2253 1331 2309 turbida
1343 2255 1453 2327 piscari
1475 2255 1574 2313 metius
1588 2273 1617 2314 se
1629 2259 1779 2331 credentes,

955 2359 991 2399 ne
1006 2341 1130 2399 turbatio
1145 2357 1230 2415 reqna
1240 2343 1320 2412 desit,
1332 2343 1428 2399 eadem
1439 2343 1600 2403 ltaresaalca
1614 2346 1649 2404 ad
1658 2363 1708 2404 nas
1718 2349 1780 2405 sine

955 2433 1176 2489 remuneratione
1197 2434 1320 2502 remissa,
1342 2437 1437 2490 cantra
1458 2434 1547 2491 claues
1568 2436 1705 2506 Ecclesia,
1722 2453 1781 2511 qaae

955 2521 1121 2594 pradictum
1136 2521 1333 2593 Harenatium,
1348 2537 1412 2578 aum
1432 2524 1572 2581 uniuersis
1586 2527 1742 2596 [autoribus
1757 2531 1784 2584 ct

72 2615 153 2680 aab,
176 2609 328 2668 darnestici
342 2611 402 2681 ejas
426 2610 529 2682 (dalila.
551 2626 579 2680 x,
604 2611 670 2684 36);
697 2615 752 2668 aet
766 2611 838 2685 quad
858 2627 904 2668 sa·

71 2703 148 2773 piem
160 2703 350 2773 protestatur.
367 2722 383 2752 a
397 2699 480 2756 Nulla
498 2701 584 2771 pestis
601 2700 741 2771 efficacior
753 2699 789 2756 ad
803 2714 904 2758 nocen-

71 2813 81 2838 a
97 2789 175 2860 dum,
192 2805 282 2862 quam
296 2785 605 2858 [amitmrisinimicun
616 2787 733 2844 scutit!
747 2787 805 2860 (51)
821 2809 835 2839 a
848 2787 906 2846 tta·-
958 2787 1049 2862 specie
1060 2790 1147 2861 parcis,
1162 2803 1224 2861 qum
1236 2788 1308 2844 sicat
1321 2781 1432 2862 effectus
1451 2789 1569 2860 iudicat,
1584 2792 1720 2862 peritias
1732 2809 1782 2866 pa·

71 2895 132 2934 nam
160 2879 340 2947 intelliperes
362 2876 444 2949 quad,
473 2878 504 2932 in
520 2881 605 2935 aetate
620 2876 758 2949 quandam
781 2886 809 2934 et
830 2894 907 2936 nunc
959 2879 1014 2934 tias
1027 2885 1066 2934 est
1079 2875 1213 2944 dicenda,
1228 2875 1258 2932 ia
1273 2885 1355 2949 caput
1372 2881 1449 2934 tuam
1464 2894 1575 2936 crecere
1589 2881 1734 2954 dejectam,
1757 2885 1785 2938 et

70 2971 151 3024 ctiam
164 2973 266 3024 tenera
279 2967 471 3033 constitutum,
485 2971 512 3022 ct
525 2965 671 3038 utriusque
684 2968 809 3039 parentis
820 2965 905 3024 desti·
954 2966 1091 3039 jacentem
1105 2963 1137 3022 in
1150 2966 1319 3037 familiarem
1334 2965 1460 3024 stabilire
1479 2969 1586 3037 reqium
1600 2985 1783 3043 presumpse-

74 3063 160 3112 tatana
177 3058 334 3123 solamine,
350 3055 552 3129 prateqeadam
566 3053 641 3112 sedes
654 3055 804 3128 apostatica
818 3058 844 3113 te
858 3073 903 3114 re·
959 3058 1038 3123 rant,
1053 3053 1135 3128 quasi
1149 3056 1233 3110 totam
1247 3055 1275 3110 ei
1286 3057 1431 3126 potestatis
1441 3055 1646 3126 plenitudinem
1661 3060 1690 3114 in
1702 3075 1785 3130 raquo

71 3149 148 3218 repit,
164 3150 194 3203 et
209 3151 242 3202 at
257 3161 359 3202 manus
368 3161 520 3214 serrarum,
536 3143 586 3216 qui
595 3147 694 3200 contra
710 3145 903 3216 ueonjuraae·
918 3115 946 3191 G
960 3142 1066 3200 Siciliae
1078 3147 1262 3216 conterentes.
1280 3145 1317 3200 Et
1330 3159 1366 3199 nc
1380 3143 1508 3212 debilior,
1523 3147 1571 3202 sed
1586 3149 1685 3210 tortior
1693 3147 1785 3220 patius

71 3241 134 3292 ruat
146 3235 179 3291 in
191 3251 290 3307 reqna,
302 3235 485 3306 canfriaqcret
495 3241 708 3305 entrareqnum,
720 3233 841 3290 radicem
846 3249 904 3306 pes·
956 3247 992 3289 esc
1005 3247 1070 3289 casa
1082 3240 1246 3304 reserperet,
1257 3236 1285 3288 et
1294 3233 1327 3289 in
1340 3232 1480 3290 excidium
1491 3242 1570 3290 tuum
1578 3238 1698 3308 amplias
1710 3251 1783 3309 prce·

74 3327 160 3394 tiserce
176 3323 295 3381 arbaris
310 3324 373 3380 nisa
387 3325 477 3395 tuerit
491 3325 646 3394 amputare,
662 3327 695 3376 ut
711 3320 837 3378 uenenosi
853 3320 908 3378 riaa'
957 3323 1070 3391 ualeret,
1093 3320 1230 3378 uniuersis
1244 3321 1372 3394 captiuis,
1394 3338 1461 3393 quos
1476 3324 1503 3379 in
1519 3328 1586 3396 trapa
1602 3326 1659 3394 cius
1674 3341 1785 3400 recepe·

76 3415 207 3485 pacatum
234 3413 430 3470 exsiccaretur
444 3412 475 3468 ia
496 3415 583 3484 tante.
598 3411 652 3468 Nec
666 3409 698 3466 in
719 3425 803 3481 repna
816 3410 907 3467 etiam
958 3413 1033 3478 rant,
1057 3411 1203 3477 restitutis,
1224 3411 1309 3466 etiam
1323 3411 1465 3468 bominum
1489 3413 1574 3483 ltrqni
1587 3415 1615 3470 ei
1636 3415 1785 3471 votae-ant

74 3503 120 3558 tibi
134 3502 233 3574 defait
247 3518 349 3558 marm
364 3505 467 3559 nostra.
483 3500 550 3570 lara,
566 3517 615 3558 aas
629 3516 680 3572 per
692 3501 796 3570 [ratres
810 3504 837 3556 et
851 3499 907 3556 mi·
958 3514 1119 3572 comparare
1132 3498 1267 3573 sanarem,
1278 3515 1376 3571 pacem
1390 3499 1506 3571 initam,
1520 3502 1563 3557 aet
1569 3503 1723 3572 perniciem
1736 3519 1785 3575 pa-

74 3593 130 3648 lites
146 3601 262 3649 neuras
282 3593 375 3663 prima
388 3589 583 3664 prohibuimus
606 3591 724 3662 impetus
746 3588 906 3646 Marcaatdi
960 3587 1017 3643 tius
1031 3594 1219 3658 procuratam,
1236 3585 1401 3642 mandantes
1413 3603 1465 3658 per
1475 3587 1637 3645 uniuersam
1654 3607 1785 3662 repnam,

73 3681 204 3750 tarmus.
221 3681 284 3754 qui,
300 3681 331 3735 in
345 3679 440 3751 blatea
455 3686 514 3735 tuos
530 3678 678 3736 barbarica
691 3677 802 3749 (oritate
814 3677 905 3736 desae·
959 3677 1017 3732 siae
1031 3675 1195 3743 ualentibus,
1210 3673 1268 3730 siae
1285 3674 1453 3743 nolentibus,
1475 3675 1677 3734 iaciatabititer
1695 3679 1787 3734 abser-

74 3787 157 3838 aaens,
181 3783 242 3824 non
271 3768 353 3839 requi
383 3767 499 3834 balium,
514 3771 544 3824 ut
559 3765 720 3824 adulatores
744 3766 797 3822 tibi
818 3765 910 3840 aliqui
959 3765 1033 3821 anri.
1049 3764 1126 3834 Ecce,
1141 3763 1262 3836 qualiter
1272 3763 1351 3819 nabis
1360 3763 1519 3835 familiares
1529 3765 1601 3837 repii
1613 3767 1785 3838 detulerunt,

76 3861 264 3925 mentiuntur,
286 3856 334 3913 sed
358 3855 438 3928 requi
450 3855 607 3913 dominium
622 3856 762 3912 nitebatur
783 3855 840 3913 sibi
861 3871 911 3930 per
960 3851 1085 3926 qualiter
1097 3851 1483 3924 succansalueruntlraaari3
1498 3855 1557 3927 qui,
1569 3861 1599 3910 at
1611 3863 1687 3912 tutam
1697 3856 1788 3928 eripe·

956 2609 1139 2683 participibus
1152 2612 1221 2680 sais,
1237 2611 1530 2669 excommunicationis
1545 2613 1650 2686 laqueis
1661 2615 1782 2672 innoda-

957 2701 1006 2768 uit,
1023 2715 1104 2770 quam
1129 2699 1184 2771 ipsi
1199 2701 1284 2756 ctiam
1309 2714 1355 2756 are
1379 2701 1494 2772 propria
1517 2703 1705 2772 publicarunt,
1730 2704 1781 2760 sub

77 3945 242 4003 uiolentiam
258 3960 405 4016 occupare,
427 3949 455 4002 te
468 3945 579 4003 ilenriaa
592 3947 738 4018 quandam
760 3947 909 4018 imperata-
961 3949 1023 3998 reat
1034 3943 1179 3998 inimicum
1189 3948 1287 3998 cantra
1295 3945 1489 4014 juramentum
1498 3944 1652 4014 ttdatitatis,
1663 3961 1715 4017 qao
1725 3947 1788 4018 qut·

76 4039 121 4106 ris,
136 4041 165 4092 et
179 4035 301 4107 inclytae
315 4034 521 4092 recordationis
532 4035 702 4094 Constantius
712 4036 909 4108 imperatricis,
961 4033 1025 4087 dam
1040 4047 1137 4088 earum
1155 4039 1221 4087 sunt
1235 4030 1313 4088 nabis
1327 4031 1448 4104 astricti,
1471 4035 1498 4090 et
1512 4029 1587 4089 illud
1601 4036 1695 4100 etiam,
1718 4037 1789 4109 qnod

77 4127 175 4180 reatris
190 4127 260 4190 tusc,
274 4123 365 4193 tiliam
377 4139 434 4181 esse
449 4134 606 4196 reponant
620 4125 676 4182 bac
695 4127 835 4182 occasione
851 4133 909 4182 lam
962 4119 995 4176 de
1009 4135 1064 4176 aaa
1085 4118 1270 4192 componenda
1292 4135 1355 4176 cum
1379 4121 1438 4192 ipsa
1460 4123 1521 4178 sina
1543 4121 1673 4182 mandata
1696 4129 1789 4181 nostra

76 4230 121 4271 aas
142 4230 235 4286 quam
257 4213 329 4269 alias
354 4217 437 4270 atua
451 4213 573 4270 subsidia
596 4216 757 4285 reuocaret]
785 4218 841 4272 tias
855 4229 908 4269 au·
961 4211 1161 4281 prestiterant,
1169 4209 1562 4280 perseeutionemsuscitauere
1570 4213 1697 4283 sopitam,
1709 4213 1789 4268 airas

75 4309 137 4370 tem,
164 4302 357 4374 ciussallact'oe
379 4317 435 4359 non
456 4302 605 4372 amentes,
631 4303 695 4360 ticet
718 4302 808 4359 multa
830 4301 909 4359 scabis
963 4298 1050 4370 arqui
1063 4305 1089 4354 et
1105 4297 1214 4353 camina
1229 4297 1319 4354 oleum
1333 4297 1520 4369 intendentes.
1539 4300 1621 4372 bade,
1638 4303 1791 4374 quatrante

75 4399 97 4448 et
111 4409 221 4464 rnaqaa
241 4393 412 4464 promiserit,
427 4407 462 4450 ne
477 4391 566 4465 ipsius
585 4392 715 4449 vellemus
737 4391 912 4466 propositum
962 4388 1005 4443 uel
1020 4387 1074 4458 ipsi
1096 4403 1148 4458 pro
1163 4402 1192 4443 se
1206 4401 1304 4459 roqare
1323 4387 1441 4458 possint,
1455 4388 1498 4443 aet
1512 4389 1586 4445 alius
1599 4390 1690 4446 ualeat
1704 4393 1791 4447 inter·

76 4481 226 4554 impedire,
249 4483 375 4554 quamuis
389 4482 488 4552 etiam,
504 4485 533 4538 at
547 4480 575 4538 ei
589 4481 764 4539 obviaremus
776 4483 806 4538 in
814 4482 905 4555 parti-
922 4476 1056 4562 guadere
1069 4491 1120 4548 pra
1134 4475 1247 4545 eisdem,
1267 4491 1331 4533 cum
1351 4476 1471 4549 quidam
1493 4493 1587 4534 eanum
1602 4479 1724 4549 qratiam
1737 4496 1791 4538 na·

77 4573 121 4628 tus
134 4571 316 4642 cumminas,
330 4569 535 4630 sollicitudines
548 4571 718 4630 subierimus
732 4572 912 4646 quamplura·-
964 4569 1053 4622 stram
1067 4564 1263 4636 demeruerint,
1288 4565 1372 4623 danea
1390 4581 1509 4639 conprae
1533 4569 1719 4643 satistaciant,
1735 4587 1791 4627 nau

77 4677 132 4716 raas
147 4669 178 4716 et
191 4674 339 4732 expensas,
362 4661 511 4730 anqustias
532 4663 557 4718 et
573 4658 691 4728 labores,
705 4675 760 4718 nan
776 4661 866 4718 satam
880 4663 912 4719 ira
964 4653 1101 4721 uidemus,
1116 4669 1276 4728 quanquam
1296 4669 1340 4712 eas
1362 4655 1396 4712 de
1409 4657 1581 4729 beniqnitate
1597 4657 1670 4716 sedis
1683 4668 1791 4733 aposta·

110 4839 168 4902 150)
201 4835 337 4910 Epistola
368 4837 453 4909 hujus
479 4845 586 4910 partam
616 4839 702 4896 retest
738 4840 911 4913 Rapuaidus,
965 4833 1695 4908 duxisse:«biansismilzoajutoparlailtosto
1717 4839 1792 4896 dalla

79 4911 182 4966 tanat.
198 4910 315 4976 decies..
333 4915 400 4967 tom.
417 4910 491 4976 xlii,
509 4927 571 4984 pag.
593 4911 639 4980 76,
664 4910 718 4968 cal.
741 4913 769 4982 2,
795 4913 840 4968 ad.
862 4929 911 4969 an.
966 4905 1030 4964 Vita
1044 4906 1070 4962 di
1089 4922 1160 4977 papa
1175 4907 1409 4992 lnaaaaaaaqui
1425 4907 1654 4991 iorcodiiottosa.
1672 4910 1729 4967 Cha
1749 4911 1791 4966 al·

82 4979 367 5111 {gglldsfsffioaae
389 4987 462 5053 apud
488 4983 583 5052 ipsam
608 4983 751 5055 legantur,
767 4983 814 5040 bio
830 4984 912 5042 anais
967 4986 1008 5036 tra
1032 4978 1105 5035 torae
1129 4978 1578 5051 lautassacolatlpnpn,o1pua
1597 4989 1792 5054 argumentare

967 5053 1003 5107 da
1024 5055 1133 5121 quanto
1157 5063 1285 5105 arvenna
1308 5049 1336 5105 di
1359 5054 1415 5122 pol.
1444 5051 1479 5108 l.o
1504 5061 1593 5110 stesso
1620 5055 1789 5123 lunoaenao,

112 5123 174 5197 (51)
199 5122 350 5191 Boethius,
376 5123 579 5182 Consolationis
600 5125 851 5197 Pbilarapbiaelib.
867 5143 912 5196 ut,
1015 5119 1021 5133 '

967 5119 1117 5179 scrutando
1133 5119 1161 5175 al
1177 5136 1207 5176 re
1229 5121 1375 5192 bodanigo,
1389 5123 1418 5178 in
1434 5137 1490 5180 aaa
1504 5121 1614 5192 lettera,
1635 5130 1795 5195 rapportata

83 5195 324 5323 pmlbv’j'i'bne'
339 5195 413 5252 Vide
427 5196 514 5322 at5iata
528 5198 560 5254 ti.
577 5198 784 5272 Augustinum,
796 5201 837 5254 De
847 5199 914 5256 ciui·
967 5193 998 5252 in
1012 5189 1350 5322 esseaxy'iottahdlncssudrgarair
1365 5195 1471 5321 turfristo
1486 5193 1593 5322 Jgoppo
1606 5209 1662 5320 Ξᾳο
1677 5195 1794 5322 arging²

84 5277 511 5410 mig'ebtlatibslacrxaltxilgariiorlue
535 5339 648 5411 (Arnai.
671 5339 747 5408 ltal.,
760 5338 824 5408 Vll,
840 5343 912 5412 part.
967 5281 1029 5392 m
1041 5337 1200 5420 'Garmanm
1223 5307 1308 5392 araalr'⁸
1324 5281 1502 5421 eginum&
1515 5279 1794 5462 ltahtirlilpffigaarsgadi

89 5426 105 5468 ι.
119 5427 183 5481 pag.
199 5409 267 5480 rto,
279 5411 314 5466 ad
330 5426 379 5466 aa.
396 5409 476 5483 ibbo)
492 5412 569 5482 quad
584 5427 668 5482 snpra
684 5414 708 5482 l§
726 5409 786 5482 ut),
813 5418 915 5468 auctor
967 5408 998 5464 la
1022 5413 1101 5477 nJuto
1124 5405 1170 5462 dcl
1194 5406 1304 5478 papilla
1320 5407 1464 5478 Fedarrpa,
1476 5423 1505 5464 ro
1520 5409 1547 5464 dl
1563 5408 1619 5464 Stat
1632 5422 1669 5478 ra,
1686 5409 1706 5465 ll
1728 5410 1794 5466 aad·

89 5481 235 5538 Gestarum
250 5481 365 5552 scripsit
383 5482 534 5548 iacobum,
558 5483 762 5540 consobrinam
778 5488 805 5539 et
820 5497 914 5540 mara·
968 5479 1046 5536 detto
1057 5477 1165 5549 Jaaopa
1179 5491 1243 5533 cam
1257 5478 1376 5536 militari
1390 5482 1524 5550 exercita,
1544 5479 1669 5549 dupauta
1693 5479 1796 5539 cavalli

91 5554 214 5612 scaleam
230 5568 324 5628 pape,
336 5553 476 5612 ducentos
488 5557 686 5613 tantammodo
700 5554 805 5612 militas
817 5569 914 5613 sacam
968 5565 1027 5609 non
1043 5549 1173 5606 formano
1189 5564 1228 5606 ua
1244 5551 1400 5609 sanccita.»
