3918 6014
146 199 252 242 ema
841 188 1100 246 recessurum
1119 169 1223 248 usin

1801 199 1860 240 cxt.

148 338 234 411 bens,
250 354 287 396 ne
303 345 391 395 terras
404 337 630 396 Christianorum
644 339 822 410 infestarent,
837 344 865 398 et
880 341 972 398 nomi·
987 346 1017 410 Α
1031 343 1060 400 in
1090 343 1174 401 rebus
1203 343 1343 415 pessimis,
1371 357 1426 400 nec
1440 341 1474 398 ad
1490 339 1686 413 poenitentiam
1701 339 1860 412 agendam,

150 428 241 485 nntim
269 427 326 499 (te)
355 428 499 496 iaderam,
514 445 599 500 quam
615 444 662 486 rex
677 429 829 501 hungariae
841 431 974 502 posside·
1030 447 1084 488 nee
1098 433 1133 487 ad
1150 431 1358 504 indulgentiam
1372 430 1583 500 implorandum
1598 429 1748 486 voluerunt
1759 429 1864 498 aliqua

155 517 211 585 bat,
249 517 297 588 qui
332 516 463 573 similiter
491 524 551 574 crat
579 519 807 589 crucesignatus:
835 521 975 592 alioquin,
1031 519 1863 576 tenusiueliuari.dduonsultatioueeeutemFraneornnr

154 608 261 672 scirent
285 621 316 661 ee
342 605 531 662 anathematis
542 605 659 664 vinculo
675 608 845 676 innodatos;
861 616 888 665 et
903 607 976 664 hane
1030 609 1164 665 dominus
1178 626 1249 681 papa
1265 609 1409 680 rescripsit
1424 609 1478 664 hoc
1492 607 1576 664 modo
1591 607 1647 680 (87)
1665 623 1672 661 :
1688 605 1718 662 Si
1732 620 1796 662 vera
1811 621 1866 662 vos

154 694 356 751 inhibitionem
380 693 438 766 (se)
463 701 490 750 et
518 697 842 754 excommunicationem
858 697 924 754 lecit
936 698 978 753 eis
1031 697 1155 771 penitet,
1170 704 1224 754 etc.
1241 698 1303 754 siue
1316 700 1392 754 datu.

155 800 206 856 per
233 782 363 840 abbatem
377 785 411 839 de
427 783 549 841 Locedio
562 783 618 856 (81)
633 785 739 842 certius
767 787 893 843 intimari
909 786 976 858 (82).
1067 787 1233 844 LXXXVIII.
1262 786 1417 843 Premissit
1445 783 1500 857 (88)
1515 784 1609 856 itaque
1624 782 1758 840 dominus
1782 799 1868 856 papa

156 873 281 930 diarchia
309 887 375 929 vero
402 873 603 930 Montisierrati
625 875 673 946 qni
690 876 780 932 luerat
794 891 880 946 super
895 876 980 933 hoca
1032 875 1202 945 Sotiradum,
1218 875 1293 931 tituli
1308 875 1421 932 Sanctae
1435 873 1569 930 Praxedie
1585 872 1780 943 presbyterum
1793 885 1868 928 car-

155 962 273 1019 demine
301 979 374 1034 papa
402 963 464 1019 riva
491 977 559 1019 uoce
587 964 757 1034 prohibitus,
774 981 805 1022 se
825 967 981 1039 prudenter
1035 964 1160 1020 diualem
1175 965 1243 1036 (89),
1258 965 1288 1020 in
1303 963 1589 1033 hierosolymitanam
1617 960 1807 1033 provinciam,
1830 965 1870 1016 ut

155 1051 319 1123 absentans,
335 1067 394 1108 non
409 1051 547 1124 processit
560 1067 628 1109 cum
642 1053 700 1110 illis
714 1055 748 1110 ad
768 1054 901 1112 lateram
930 1071 980 1114 ex·
1035 1052 1150 1108 interim
1164 1052 1204 1108 ibi
1219 1052 1368 1124 legationis
1383 1041 1667 1110 officium'exercerct
1679 1069 1687 1121 3
1701 1058 1728 1107 et
1743 1049 1814 1107 lecit
1837 1048 1871 1106 ei

157 1141 339 1213 pugnandam
357 1138 427 1212 (83).
1036 1141 1115 1198 mille
1127 1141 1264 1198 ducentas
1279 1141 1365 1198 libras
1379 1141 1515 1207 conferri,
1529 1146 1560 1196 ul
1573 1156 1621 1197 eas
1636 1146 1695 1196 tum
1709 1139 1740 1195 in
1759 1153 1870 1196 ueces-

195 1229 335 1286 LXXXVl.
364 1229 490 1298 Qualiter
517 1233 613 1287 autem
641 1230 685 1287 illi
712 1231 748 1287 ad
775 1232 907 1290 iaderam
934 1235 982 1290 de·
1037 1229 1340 1297 sitatestamilioesuae,
1357 1229 1463 1286 tumin
1479 1228 1630 1285 utilitatem
1658 1234 1869 1286 terresanctae

160 1319 323 1376 struendam
334 1318 683 1390 processerint,quantum
694 1321 840 1392 superbos
850 1322 984 1380 domiuus
1037 1319 1155 1390 provide
1169 1319 1363 1390 distribueret,
1377 1320 1450 1376 sicut
1464 1325 1648 1390 cognosceret
1657 1318 1801 1388 expedire.
1816 1317 1874 1374 Pe·

162 1425 235 1480 papa
261 1415 421 1465 commotus
446 1408 541 1475 luerit,
570 1409 669 1466 littere
696 1427 767 1482 quas
779 1411 854 1467 misit
869 1413 903 1468 ad
919 1410 985 1468 illos
1038 1405 1874 1480 trumrero,titulisauctillarocllipresbpterumcardina·

162 1496 292 1554 indlcant
307 1496 455 1554 manifeste
468 1497 525 1570 (st)
543 1513 549 1553 ι
566 1499 692 1554 dotamus
705 1515 760 1556 nora
775 1499 983 1568 modicumete.
1039 1497 1106 1566 lem,
1121 1497 1225 1553 direxit
1240 1496 1410 1569 postillam,
1427 1499 1492 1554 utsl
1504 1505 1607 1568 posset,
1617 1495 1826 1568 crucesignatis
1836 1511 1874 1552 se

162 1586 225 1642 sine
239 1586 315 1641 deta.
1036 1587 1180 1657 jungeret,
1207 1593 1268 1654 aut,
1297 1586 1321 1642 si
1336 1601 1392 1642 non
1409 1593 1511 1656 posset,
1528 1585 1558 1640 ln
1573 1585 1683 1655 Syriam
1699 1584 1875 1640 transiretu-

199 1672 346 1730 txtttttttt.
376 1671 524 1745 Principes
551 1689 617 1732 rere
633 1675 816 1748 Francorum,
839 1695 922 1736 anum
938 1696 985 1738 re.
1001 1711 1028 1776 B
1044 1681 1094 1742 ret,
1109 1674 1259 1731 conterens
1274 1675 1300 1732 el
1315 1674 1435 1731 totidem
1449 1673 1535 1730 libras
1550 1679 1665 1745 propter
1679 1687 1780 1728 causas
1800 1687 1874 1728 eas-

161 1769 369 1833 coguosceutes
401 1777 560 1830 excessum,
589 1765 758 1835 iuraverunt
789 1767 819 1824 iu
854 1769 986 1827 manibus
1042 1764 1120 1819 dem·
1150 1764 1271 1835 Uterque
1299 1760 1876 1834 rere,nnuspostaliuminillerusoty-

162 1852 361 1923 episcoporum
390 1866 507 1908 auorum
536 1853 610 1924 quod
626 1869 759 1924 supereo
778 1856 988 1916 mandatisdo.
1044 1851 1180 1908 mitauam
1197 1849 1790 1923 prouinciamtransireturit,perinsulum
1812 1851 1875 1920 Cp-

162 1940 234 1996 mini
249 1956 328 2011 papea
343 1944 539 2010 parereut;et
562 1940 688 1999 lecerunt
704 1959 734 1999 se
746 1947 781 2001 ab
796 1944 853 2001 illis
867 1943 988 2020 absolvi,
1043 1943 1087 2015 pri
1116 1942 1266 1997 transitum
1296 1942 1416 2011 iaciens,
1444 1939 1767 2011 etiueuquaeiucranl
1789 1937 1877 1995 ordi-

163 2029 309 2085 mittentes
334 2029 568 2087 suessionensem
596 2031 760 2103 episcopum
790 2035 843 2105 (85)
859 2038 894 2090 ad
918 2052 989 2109 apo-

165 2115 299 2174 stolicam
313 2117 421 2186 sedem,
438 2124 468 2174 ut
483 2120 703 2176 commotionem
720 2122 824 2179 summi
846 2124 991 2194 pontificia

167 2207 341 2276 mitigarent,
357 2213 384 2263 et
399 2206 482 2263 illum
510 2207 691 2266 consulerent
706 2211 828 2282 qualiter
842 2222 936 2271 essent
954 2215 991 2274 de

167 2301 269 2351 caetero
284 2296 453 2365 processuri.

205 2383 262 2456 (86)
291 2385 355 2454 lpse
382 2399 447 2441 aero
462 2399 511 2456 per
526 2385 634 2442 litteras
648 2403 714 2444 snas
729 2391 864 2462 praecepit
882 2393 991 2451 elsdem

169 2480 318 2546 qnatenus,
348 2471 434 2543 digne
463 2473 498 2530 de
524 2478 603 2531 tanto
632 2477 802 2547 prenitentes
825 2489 992 2554 excessu,et

169 2560 374 2618 satisfacientes
401 2577 526 2633 congrue
551 2562 586 2619 da
614 2567 741 2636 peccato,
759 2568 908 2626 redderent
927 2571 992 2627 uni·

168 2666 251 2706 versa
264 2666 326 2721 qum
340 2651 374 2707 ad
391 2666 439 2706 eos
454 2651 489 2706 de
506 2651 713 2709 tudertinorum
742 2655 842 2728 spoliis
857 2674 992 2728 perrene-

168 2745 243 2804 rant,
258 2744 285 2793 et
299 2754 316 2792 a
330 2737 473 2794 similibus
500 2739 650 2794 decaetero
665 2741 781 2810 penitus
806 2743 992 2803 abstinerent.

170 2827 240 2894 Quia
267 2840 335 2881 vero
348 2825 519 2882 senteutiam
535 2827 797 2898 apostolicaesedis,
813 2837 919 2902 praeter
940 2849 993 2890 au-

169 2914 329 2972 ctoritatem
345 2914 444 2986 ipsius,
460 2913 557 2971 nullus
571 2917 662 2985 potutt
677 2918 812 2988 relaxare,
824 2922 993 2992 quibusdam

169 3003 238 3060 viris
251 3003 382 3059 discretis
397 3003 531 3074 injunxit,
547 3008 578 3060 ut
591 3004 627 3060 ab
642 3005 693 3072 eis,
709 3008 759 3078 qui
775 3009 902 3066 nondum
914 3012 993 3083 jura·

1045 2032 1138 2088 nanda
1167 2032 1333 2101 disponens.
1360 2029 1585 2100 Sollrednsergo
1601 2028 1776 2098 precedens,
1804 2026 1879 2084 tlie‘

1044 2119 1280 2190 ruselymltanum
1308 2116 1496 2190 patriarcham
1512 2117 1568 2189 (90)
1583 2117 1690 2182 inuenit
1705 2115 1736 2172 in
1760 2117 1878 2172 ultimis

1044 2211 1221 2267 laborantem
1236 2226 1243 2277 ;
1273 2225 1329 2280 quo
1357 2215 1419 2280 post
1432 2207 1527 2278 aliquo
1541 2206 1602 2264 dies
1614 2222 1648 2262 ex
1665 2206 1720 2262 hac
1735 2205 1797 2263 lnce
1814 2206 1875 2260 mi-

1044 2307 1154 2372 grante,
1182 2298 1259 2354 idem
1288 2295 1514 2368 legatuseclere
1536 2296 1589 2351 luit
1616 2295 1647 2351 iu
1676 2293 1874 2366 patriarcham

1044 2389 1163 2456 electus,
1192 2394 1219 2443 et
1242 2405 1258 2442 a
1282 2386 1385 2457 pupule
1399 2385 1548 2458 expetltne,
1565 2399 1630 2441 enm
1647 2383 1721 2454 regis
1739 2398 1875 2452 assensu,

1045 2485 1073 2534 et
1101 2475 1342 2546 suffraganeorum
1372 2475 1474 2530 lavore.
1492 2473 1626 2544 bliaslque
1640 2479 1707 2528 sunt
1725 2472 1822 2529 nuntii
1837 2473 1875 2529 de

1045 2566 1192 2624 cummuni
1220 2564 1340 2621 consilio
1367 2564 1403 2620 ad
1427 2563 1610 2632 apostolicam
1626 2563 1734 2633 sedem,
1750 2569 1780 2617 ut
1794 2560 1873 2617 obti-

1046 2659 1150 2712 nerent
1178 2669 1242 2710 eum
1271 2653 1302 2708 tu
1326 2651 1515 2724 patriarcham
1531 2649 1781 2720 sibiconeedi,et,
1807 2657 1874 2720 post

1046 2743 1273 2810 concessionem,
1302 2740 1356 2796 sibi
1384 2739 1503 2812 pallium
1529 2739 1676 2795 destinari.
1700 2738 1875 2795 Delibererit

1047 2847 1113 2902 ergo
1127 2845 1256 2887 summus
1271 2829 1407 2901 pontifex,
1425 2836 1454 2884 ut
1469 2828 1545 2884 idem
1558 2828 1665 2900 legatus
1676 2827 1873 2896 induceretur,

1048 2920 1072 2976 si
1101 2925 1204 2990 posset,
1221 2919 1270 2975 sed
1287 2933 1344 2975 non
1360 2926 1519 2988 cogeretur,
1535 2917 1559 2973 si
1574 2915 1674 2986 nollet,
1699 2916 1874 2988 patriarcha-

1047 3017 1108 3064 tum
1137 3009 1275 3077 recipere,
1306 3007 1422 3062 mittens
1437 3005 1555 3076 pallium
1571 3005 1651 3061 atteri
1677 3004 1817 3061 cardinali
1832 3012 1875 3072 nt,

171 3099 284 3149 serent·
295 3091 461 3163 apostolicis
485 3099 560 3149 stare
575 3093 728 3164 mandatis,
745 3098 903 3169 reciperent
914 3101 996 3170 jura·
1011 3068 1032 3134 C
1050 3098 1121 3153 illud
1137 3096 1174 3168 ei,
1191 3097 1214 3151 si
1229 3096 1413 3164 consentiret,
1442 3095 1585 3150 conterret
1599 3093 1666 3165 (91).
1682 3094 1734 3148 Sed
1749 3093 1799 3149 ille
1819 3109 1876 3149 no-

174 3186 314 3247 mentum,
344 3197 361 3236 e
382 3180 484 3250 iuratis
499 3187 593 3237 autem
608 3190 792 3253 exposcerent
807 3188 883 3244 utin
898 3204 997 3247 corum
1050 3186 1103 3243 luit
1117 3185 1297 3257 atiquatenus
1313 3183 1492 3252 consentire;
1510 3183 1585 3239 uude
1610 3182 1733 3239 obtinuit
1753 3181 1787 3238 de
1801 3182 1875 3238 alte·

175 3269 325 3341 presentia
354 3277 591 3339 recognoscerent
623 3270 714 3330 taliter
746 3289 777 3329 se
810 3275 932 3346 jurasse,
964 3293 998 3335 ac
1051 3277 1111 3332 rius
1138 3272 1279 3331 electione
1308 3273 1488 3330 tractarizet
1503 3278 1698 3330 convenerunt
1726 3285 1824 3328 omues
1844 3271 1874 3327 in

177 3359 290 3424 deinde,
315 3358 395 3430 juxta
423 3359 543 3415 lormam
558 3359 702 3429 Ectrlosiue,
717 3378 821 3420 munus
839 3365 997 3423 absolutio·
1051 3363 1260 3421 vercellensem
1276 3361 1444 3434 episcopum
1459 3360 1525 3433 (92),
1541 3360 1631 3416 virum
1648 3361 1744 3431 utique
1758 3360 1824 3428 situ,
1845 3365 1877 3416 et

174 3450 220 3506 nis
233 3449 436 3520 impenderent
451 3448 611 3518 universis3
634 3449 819 3523 injungentes
846 3454 998 3512 comitibus
1051 3452 1179 3519 seientia,
1209 3457 1237 3506 et
1252 3448 1329 3506 lama
1344 3449 1521 3521 preclarum,
1538 3448 1584 3504 eui
1599 3464 1672 3520 papa
1685 3447 1799 3520 scripsit
1821 3447 1875 3504 boc

173 3546 200 3596 et
227 3537 381 3596 baronibus
395 3536 448 3593 snb
463 3536 737 3610 debttojuremanti,
754 3547 784 3597 ut
799 3557 849 3612 per
870 3551 998 3614 patentes
1051 3541 1135 3597 modo
1162 3539 1219 3612 (93)
1250 3555 1256 3593 :
1288 3539 1320 3596 ttt
1345 3535 1790 3610 tapsurntumaoioeneria,eta.
1809 3537 1869 3594 liat.

172 3629 290 3697 litteras,
307 3635 363 3684 tam
380 3643 412 3682 se
427 3641 512 3698 quem
524 3640 704 3684 successores
718 3643 785 3685 suos
800 3630 861 3687 sedi
882 3643 996 3702 aposto·

173 3719 235 3774 tiear
263 3717 436 3788 obligarent,
464 3715 539 3786 quod
554 3715 589 3770 ud
605 3716 771 3772 mandatum
786 3719 897 3787 ejusde
919 3725 998 3781 tauta

172 3805 395 3876 praesumptione
423 3803 645 3858 satisfactionem
672 3803 808 3860 exhibere
837 3809 995 3880 curabunt3

170 3893 305 3951 omnibus
332 3898 426 3947 autem
455 3890 643 3960 praeclpereut
658 3891 687 3946 ln
702 3894 859 3966 communi,
883 3903 912 3952 ut
928 3898 995 3954 aal-

169 3981 285 4038 milibus
300 3981 337 4036 de
352 3987 453 4036 eaetero
468 3978 653 4048 abstinerent,
670 3976 754 4034 salsis
766 3979 832 4036 allis
855 3986 996 4043 mandatis

169 4087 232 4146 ques
245 4084 331 4141 super
345 4067 400 4124 hoc
415 4067 529 4124 duceret
543 4066 682 4124 iacienda.
706 4069 805 4137 Porro,
835 4074 953 4131 comites
968 4083 996 4133 et

170 4158 290 4215 barones
317 4155 515 4227 obligaverunt
529 4169 570 4226 ae,
587 4157 663 4212 sicut
678 4155 730 4211 luit
745 4155 803 4213 illis
821 4157 993 4237 iniunctum,

167 4253 195 4303 et
224 4247 265 4303 sic
293 4259 395 4302 omnes
421 4241 542 4300 absoluti
571 4243 697 4300 luerunt.
717 4243 908 4320 venativum,
929 4259 993 4308 tau-

166 4349 251 4405 quam
265 4333 313 4404 qui
327 4332 487 4405 gloriantur
497 4347 563 4390 eum
575 4330 651 4388 mele
664 4331 793 4406 iecerint,
809 4342 836 4392 et
849 4340 994 4398 exsultant

202 4509 259 4584 (79)
286 4512 466 4570 Nomiuota'm.
495 4511 542 4566 Sic
568 4511 598 4566 in
614 4510 928 4585 codiueVallicellauo;
950 4519 992 4577 sic

167 4589 194 4640 et
217 4585 292 4656 apud
322 4585 479 4650 baluzium,
495 4583 553 4664 qui,
569 4581 602 4638 ad
620 4583 787 4656 marginem,
805 4593 883 4643 notat
898 4589 927 4645 in
944 4605 992 4647 eo·

166 4657 230 4712 dice
246 4657 330 4722 lieglu
347 4657 399 4720 leat
414 4655 585 4722 specialiter.

202 4725 643 4854 Sbfflenlgassgbita'rarorahazrgiusoryeezlpud
658 4724 804 4782 baluzium
817 4743 824 4796 ;
841 4727 872 4785 in
893 4731 991 4790 codice

166 4797 261 4942 γἆ(8Ι)
276 4869 316 4925 9ο
329 4814 432 4926 abbate
446 4871 481 4926 de
499 4839 617 4925 locedio
629 4867 690 4938 jam
706 4868 815 4940 egimus
830 4869 860 4926 ln
877 4879 936 4928 not.
952 4874 988 4929 ad

163 4941 259 5085 ἓ’(859)
272 5011 394 5076 nituere,
410 5010 514 5082 quatuos
530 5010 604 5066 uana
620 5008 822 5066 inhibitionem
845 5013 988 5070 reuocen-

163 5084 220 5140 tius
235 5089 421 5154 expresserat,
439 5084 467 5138 iu
485 5081 610 5150 liegestis
626 5081 710 5138 hodie
726 5097 784 5138 non
797 5086 985 5152 reperiuntur.

198 5156 254 5229 (83)
280 5155 345 5212 Vide
369 5153 455 5210 Odor.
469 5151 604 5218 Rapuald.
617 5153 653 5208 ad
664 5169 700 5208 au
713 5152 791 5226 t203,
804 5171 831 5226 p.
843 5157 870 5212 6.
882 5161 985 5213 Banuz.

162 5233 209 5283 not
225 5229 348 5298 morpin.
363 5225 399 5281 od
412 5225 486 5280 bunc
503 5221 602 5278 latorem.

199 5301 253 5368 (st)
269 5298 340 5355 the
355 5295 510 5370 Epistulam
526 5295 573 5350 tut
594 5292 658 5348 libri
674 5293 776 5364 quinti.

174 5439 179 5449 ,
199 5371 253 5452 (85)
269 5366 521 5452 De'Suessioncnsi
549 5365 693 5437 episcopo,
711 5365 772 5422 vide
788 5367 936 5438 epistolum
952 5370 980 5428 li

161 5439 336 5584 hilgotum
349 5509 486 5582 epistolae
499 5509 534 5564 99
549 5513 577 5567 el
592 5507 642 5565 t00
657 5506 723 5564 libri
738 5511 821 5567 sexti.

1050 3627 1205 3696 Ferentini,
1220 3645 1253 3684 ιιι
1268 3629 1308 3684 let.
1324 3626 1451 3698 aequati.
1677 3698 1679 3702 .

1089 3718 1241 3774 lXXXtX.
1272 3721 1336 3788 lpse
1361 3730 1427 3772 vero
1440 3713 1627 3773 Verceliensis
1642 3714 1803 3787 episeopus,
1820 3713 1871 3770 hu·

1050 3805 1156 3863 militer
1170 3807 1366 3876 acquiescens,
1382 3804 1415 3860 ud
1431 3803 1618 3876 apostolicam
1633 3803 1728 3860 sedem
1744 3801 1870 3859 accessit.

1049 3902 1077 3952 et
1104 3895 1136 3951 in
1165 3893 1356 3965 patriarchum
1368 3899 1528 3965 promotus,
1547 3891 1713 3948 nouaclum
1729 3891 1807 3962 pallii
1824 3906 1872 3948 ur·

1050 3982 1350 4055 trementumjacccpit,
1368 3987 1464 4037 seru'm
1480 3981 1564 4036 eliam
1580 3979 1707 4036 officinm
1727 3979 1873 4050 legationis

1049 4071 1217 4145 promeruit,
1234 4087 1283 4143 per
1298 4069 1518 4142 quadriennium
1533 4069 1563 4124 iu
1579 4083 1628 4124 sun
1640 4067 1872 4139 provinciaexer·

1048 4160 1190 4226 cendnm;
1206 4159 1386 4231 tenuemque
1400 4155 1558 4228 proiectus,
1573 4155 1640 4211 inde
1657 4157 1687 4212 in
1703 4155 1812 4227 Syrium
1826 4169 1872 4210 ua·

1048 4249 1073 4306 ri
1094 4249 1160 4306 erit.

1076 4267 1232 4409 ⁶{ihilippns
1246 4346 1351 4407 autem,
1367 4335 1439 4394 sicut
1455 4341 1698 4393 conveneratcum
1708 4331 1869 4391 marchione

1092 4517 1136 4584 87)
1153 4515 1222 4571 Vide
1236 4513 1385 4583 epistolum
1399 4512 1453 4569 {02
1468 4512 1534 4569 libri
1548 4513 1631 4568 sexti.

1092 4589 1139 4656 88)
1165 4585 1238 4640 Vide
1267 4583 1315 4640 lib.
1333 4601 1354 4654 1,
1370 4587 1452 4654 epist.
1469 4585 1531 4640 336.
1547 4584 1647 4640 Banna.
1665 4585 1721 4639 act.
1747 4581 1864 4653 margin.

1044 4658 1169 4715 adhunc
1185 4657 1283 4712 mcum.

1080 4731 1136 4802 (89)
1153 4729 1219 4783 Vide
1234 4724 1368 4796 epistolas
1381 4727 1417 4781 26
1432 4734 1459 4783 et
1471 4727 1506 4782 27
1520 4725 1586 4782 libri
1602 4724 1703 4797 quinti.

1079 4801 1135 4872 (90)
1151 4800 1216 4855 lirat
1230 4799 1254 4854 is
1269 4800 1386 4855 nomine
1416 4799 1581 4866 Monachus,
1598 4800 1633 4852 de
1649 4794 1811 4853 Florentiae
1824 4795 1861 4852 ci·

1043 4873 1129 4929 ritate
1156 4869 1306 4928 oriundus.
1340 4870 1411 4925 Cum
1446 4869 1669 4939 hierosolymam
1711 4866 1862 4923 deuotionis

1042 4959 1127 4999 causa
1156 4940 1493 5010 venisset,aputriurcha
1521 4941 1645 5011 primum
1664 4936 1858 5009 cancellarius,

1041 5015 1146 5072 deiude
1171 5012 1348 5084 archiepisco
1372 5027 1404 5068 us
1432 5012 1616 5069 Gaesnriensis
1631 5016 1743 5067 creatus
1766 5007 1860 5066 luerat.

1041 5083 1341 5213 tutatus-siut
1349 5029 1769 5213 tristaremur
1790 5097 1860 5208 tu

1115 5173 1281 5224 ,eura
1430 5171 1618 5212 .r.ara.
1697 5193 1703 5207 .
1851 5193 1858 5208 .

1041 5229 1120 5283 1252.
1574 5172 1582 5212 ²
1772 5195 1780 5222 ’

1076 5299 1133 5370 (llll
1148 5299 1250 5356 Conlor
1265 5296 1413 5370 epistelam
1428 5297 1480 5354 929
1496 5295 1560 5353 libri
1576 5293 1658 5353 sexti.

1084 5373 1130 5438 92)
1148 5377 1185 5426 9ο
1200 5374 1253 5428 iste
1269 5372 1331 5425 vide
1346 5369 1494 5440 epistolem
1511 5369 1545 5425 38
1559 5367 1625 5424 llbri
1642 5365 1726 5423 tertii.

1084 5443 1130 5515 93)
1146 5443 1217 5501 Vide
1231 5440 1380 5516 epistelam
1392 5440 1446 5497 222
1459 5441 1526 5498 libri
1539 5439 1667 5514 septimi.
