3952 6056
86 299 136 356 til

607 289 860 372 eonrrncnrus
879 281 975 352 sano
992 283 1017 356 1,
1036 284 1174 346 ceusu
1193 287 1272 348 noa

1741 298 1793 354 tta

83 417 911 496 magontiacumpraedecessorumnostrorumpompo·
926 418 959 486 Α
976 413 1073 485 scopis
1088 418 1139 470 aut
1153 415 1359 490 episcoporum
1373 416 1517 474 ministris
1533 419 1733 490 permittimus
1748 422 1793 492 sa-

83 513 914 588 cilionemsupercontroversia,queequondamintermo-

85 599 912 662 hasteriumvestrumetmonasteriumsanctildichaelis

84 695 266 762 vertebatur,
278 694 394 750 sicutin
409 693 582 751 eorumdem
596 695 797 750 Romanorum
808 689 911 763 ponti-

84 786 174 840 ticum
201 783 336 856 plenarie
353 783 386 855 [s.
404 783 576 857 privilegiis]
590 783 770 849 continetur,
784 778 926 836 auctori-⁶

83 871 911 946 tateapostolicaconfirmamusllessiquidemcompo·

83 963 211 1019 sitiones
221 979 326 1019 omnes
341 979 394 1018 seu
409 962 614 1030 refutationes,
624 962 701 1035 sicut
717 961 830 1031 absque
844 973 908 1030 pra·

83 1056 173 1110 vitate
184 1053 271 1111 iacta
282 1057 362 1122 sunt,
378 1058 504 1126 recepte
515 1057 545 1108 et
553 1053 584 1108 in
595 1053 714 1124 scriptis
734 1049 912 1106 authenticis

84 1145 282 1201 continentur
295 1149 323 1199 et
336 1145 425 1200 etiam
441 1142 586 1200 hactenus
600 1145 671 1198 sulit
694 1146 826 1210 servatae,
842 1155 914 1212 apo-

85 1234 193 1290 stolico
207 1232 376 1290 munimine
390 1233 575 1288 roboremus.
592 1233 667 1287 Sane
689 1229 838 1286 novalium
862 1244 913 1283 re·

86 1331 220 1380 strorum
236 1329 291 1379 etc.
302 1323 400 1378 Liceat
409 1338 528 1394 qnoque
539 1321 620 1378 vobis
636 1321 760 1377 clericos
771 1325 826 1375 etc.
842 1320 913 1374 Pro·

85 1413 226 1468 bibemus
237 1411 712 1483 insuperato.Discedentemvero
722 1407 913 1466 etchuctori·

84 1495 913 1573 tatequoqueapostolicaprohibemusnealiquisabbas

86 1590 265 1648 monasterii
288 1590 382 1662 ipsius
407 1593 512 1658 terres,
527 1589 659 1646 redditus
681 1589 718 1644 ad
734 1587 831 1659 ipsum
847 1601 914 1658 spe-

87 1678 400 1753 ctantes,parentibus
411 1680 472 1734 suis
490 1685 541 1735 aut
555 1676 809 1746 aliis,domos,vel
824 1675 914 1730 etiarn

968 502 1119 560 cultatem.
1134 505 1304 575 apostolica
1314 507 1404 562 etiam
1418 508 1592 566 auctoritate
1607 509 1689 566 vobis
1704 511 1792 568 duxi·

968 609 1034 647 mus
1047 592 1263 666 indulgendum
1279 601 1312 652 ut
1326 613 1386 653 non
1402 597 1460 652 nisi
1486 597 1611 670 legatoa
1626 599 1718 656 latere
1732 603 1790 656 Ro-

967 680 1048 735 mani
1062 681 1212 754 pontiacis
1227 683 1386 754 destinate,
1401 686 1557 758 legationis
1573 687 1695 744 obtentu
1709 695 1789 746 tene·

967 769 1059 826 amini
1070 771 1354 842 respondereporro
1367 780 1426 832 tam
1440 775 1492 831 tibi
1505 793 1594 850 quam
1604 779 1661 834 tuis
1675 796 1792 836 succes·

969 859 1085 916 sonibus
1100 860 1253 918 licentiam
1277 863 1475 938 indulgemus,
1492 866 1522 922 in
1538 867 1722 938 gravioribus
1737 887 1792 926 ne-

967 947 1057 1022 gotiis
1068 949 1169 1005 sedem
1180 953 1373 1022 apostolicam
1389 956 1550 1029 appellare,
1566 973 1622 1014 nec
1636 959 1792 1030 appellan-

968 1043 1012 1092 tes
1028 1042 1097 1094 ante
1113 1040 1222 1113 negotii
1239 1041 1328 1097 tinem
1344 1043 1426 1100 lesio
1441 1044 1503 1101 ulla
1518 1047 1792 1120 contingat,quate-

967 1143 1023 1182 nus
1040 1132 1159 1184 auctme
1175 1129 1233 1184 Deo
1249 1131 1280 1186 in
1297 1137 1406 1188 sanctas
1421 1134 1574 1208 religionis
1590 1137 1696 1194 studiis
1711 1138 1791 1210 quie-

968 1214 988 1269 ti
1003 1230 1038 1272 ac
1054 1217 1149 1272 seduli
1160 1235 1336 1290 permanere
1352 1223 1484 1294 possitis.
1495 1223 1567 1282 Cum
1584 1229 1683 1282 autern
1699 1244 1792 1300 gene·

967 1303 1029 1360 rale
1046 1305 1237 1364 interdictum
1252 1316 1337 1366 terra
1352 1311 1442 1367 inerit
1456 1314 1707 1387 etcSepulturam
1723 1333 1791 1374 vero

968 1395 1190 1453 etc.Libertates
1205 1398 1337 1472 insuper,
1349 1400 1507 1474 dignitates
1521 1404 1708 1461 etc.0beuete
1723 1423 1791 1462 vero

969 1488 1024 1538 etc.
1041 1499 1125 1554 aspele
1138 1487 1175 1541 od
1188 1489 1298 1544 verbum
1314 1489 1615 1562 eligendum.Electus
1631 1501 1730 1550 autem
1746 1495 1792 1552 rel

968 1572 1132 1628 allomano
1156 1577 1297 1646 pontifice
1314 1578 1359 1633 vel
1373 1596 1390 1634 a
1405 1596 1461 1652 quo
1481 1580 1620 1637 maluerit
1645 1583 1790 1641 catholico

969 1659 1107 1734 episcopo
1123 1680 1231 1720 munus
1254 1665 1472 1726 benedictionis
1498 1671 1633 1742 accipiat.
1651 1673 1791 1728 llccerni·

89 1788 124 1826 03
137 1785 207 1841 qum
220 1769 257 1824 de
272 1767 392 1824 caducis
407 1769 594 1840 proveniunt,
612 1773 663 1822 aut
677 1765 842 1821 ministeria
860 1763 914 1819 (ιο.
971 1767 1037 1805 mus
1053 1767 1121 1825 ergo
1137 1757 1192 1808 etc.
1210 1754 1289 1810 salva
1314 1757 1392 1813 sedis
1413 1759 1582 1830 apostolicae
1605 1763 1791 1832 auctoritate,

88 1877 166 1927 mus,
174 1859 234 1914 nisi
242 1857 296 1914 illa
305 1863 420 1913 tantum
431 1874 497 1928 quas
508 1863 577 1913 sunt
585 1855 775 1913 servientium
786 1853 913 1909 clerico-

85 1966 165 2017 rum,
181 1947 254 2004 dare
268 1951 430 2020 praesumat
443 1963 498 2002 nec
522 1946 681 2018 pecuniam
700 1944 778 2000 ultra
792 1947 914 1998 centum

87 2040 180 2094 libras
208 2039 272 2093 sine
297 2052 422 2092 assensu
445 2037 535 2092 totius
550 2035 673 2107 capituli
689 2033 734 2090 vel
748 2031 871 2105 majoris
887 2036 916 2087 et

87 2127 218 2184 sanioris
233 2126 325 2198 partis
336 2131 439 2181 mutuo
452 2124 602 2198 suscipere
613 2123 731 2180 audeat.
741 2122 819 2178 Nulli
835 2137 913 2193 quo-

9 2229 10 2236 *
89 2235 144 2288 qne
160 2216 378 2271 monachorum
389 2214 552 2286 quidquam
561 2214 625 2269 sine
637 2229 784 2269 consensu
798 2209 914 2267 abbatis

9 2309 10 2342 ι
88 2307 124 2362 ab
139 2306 243 2377 aliquo
255 2309 359 2362 mutuo
373 2304 504 2375 recipere
520 2303 618 2359 liceat.
634 2304 662 2358 Is
677 2307 776 2358 autem
791 2301 840 2373 qui
856 2299 913 2355 mi·

85 2395 246 2450 nisterium
270 2393 378 2449 domus
400 2392 640 2463 habuerit,ultra
666 2397 786 2447 centum
801 2389 914 2446 solidos

9 2551 10 2562 χ
84 2491 189 2541 mutuo
210 2500 272 2539 non
297 2483 432 2554 accipiat,
448 2488 556 2554 praeter
579 2481 695 2538 abbatis
720 2495 912 2536 consensum.

83 2575 249 2630 statuimus
263 2574 354 2629 etiam
369 2577 402 2627 ut
417 2572 508 2628 abhas
532 2571 663 2646 sigillum
685 2572 838 2644 proprium
862 2569 915 2624 ha-

84 2664 249 2730 beat,sicnt
262 2667 307 2718 est
321 2661 358 2718 de
374 2661 592 2718 consuetudine
617 2662 762 2717 hactenus
776 2659 913 2716 observa·

9 2765 10 2768 ’
86 2761 158 2808 tum.
170 2755 206 2807 ln
215 2751 434 2824 parochialibus
445 2757 545 2806 autem
557 2750 692 2806 ecclesiis
702 2767 776 2822 quas
787 2748 914 2818 habetis,

85 2843 174 2898 liceat
189 2841 272 2896 robis
289 2840 459 2896 sacerdotes
479 2839 588 2912 eligere
609 2845 638 2895 et
661 2839 827 2894 dioecesano
854 2837 916 2910 epi-

87 2949 175 3004 scopo
192 2935 393 3004 praesentare;
411 2927 532 3001 quibus,
549 2929 572 2984 si
593 2929 691 2984 idonei
715 2929 835 2996 fuerint,
853 2927 916 2999 epi-

86 3039 194 3094 scopus
205 3020 375 3076 animarum
391 3034 492 3075 euram
504 3019 680 3086 committat,
694 3024 726 3073 ut
742 3018 769 3073 ei
794 3017 829 3073 de
854 3017 914 3088 spi-

87 3109 257 3177 ritualibus,
273 3107 356 3163 vobis
371 3115 469 3164 autem
487 3109 523 3164 de
548 3107 762 3180 temporalibus
787 3106 917 3162 debeant
970 3116 1018 3176 tur
1032 3115 1165 3173 volentes
1182 3119 1279 3176 eidem
1296 3121 1432 3178 ooenobio
1454 3130 1550 3180 vestro
1566 3141 1657 3196 super
1678 3124 1725 3180 hig
1745 3141 1798 3197 pa.

88 3198 283 3271 respondere.
298 3197 430 3254 iustitias
457 3197 546 3254 etiam
570 3202 620 3253 aut
641 3197 740 3252 oisscia
760 3195 915 3264 laicorum,
930 3184 956 3250 G
972 3207 1058 3259 terna
1070 3204 1100 3260 in
1116 3212 1267 3278 posterum
1284 3211 1486 3269 sollicitudine
1500 3214 1798 3285 providerenuctorj.

90 3307 154 3362 quae
170 3288 257 3343 bonas
272 3287 426 3344 memoriae
441 3287 485 3344 W.
502 3285 652 3358 qnondam
668 3285 759 3342 abbas
781 3284 920 3358 ejusdem

90 3377 265 3434 monasterii
278 3375 316 3433 ad
331 3391 437 3432 manus
454 3393 522 3433 suas
544 3376 580 3432 ab
600 3375 740 3431 omnibus
767 3375 798 3430 in
827 3375 920 3448 burgo

90 3468 188 3524 Sancti
201 3466 335 3537 Dionysii
347 3465 602 3521 commorantibus
617 3464 749 3538 legitime
761 3464 919 3532 revocavit,

91 3557 125 3613 de
141 3561 250 3612 caetero
267 3553 334 3610 aliis
347 3555 502 3628 assignari,
516 3554 668 3628 regulares
683 3555 773 3610 etiam
789 3570 919 3609 consue·

92 3647 210 3703 tudines
226 3661 244 3700 a
258 3644 527 3716 praedecessoribus
542 3644 647 3699 vestris
663 3648 692 3698 et
703 3661 719 3699 a
730 3643 811 3698 vobis
822 3643 920 3698 hacte-

92 3753 146 3792 nns
163 3735 334 3791 observatas
349 3732 450 3805 alique
465 3732 582 3789 levitate
607 3731 727 3800 mutari,
743 3731 802 3788 nisi
817 3731 854 3787 de
869 3737 920 3788 tua

9 3855 10 3870 ι
91 3826 149 3881 sire
167 3831 288 3879 tuorum
304 3822 394 3878 luerit
409 3821 595 3896 providentia
620 3837 825 3878 successorum
852 3838 920 3878 cum

90 3929 240 3971 consensu
266 3911 389 3984 capituli
410 3911 456 3967 vel
482 3912 605 3984 majoris
630 3915 659 3967 et
672 3911 798 3966 sanioris
813 3912 916 3983 partis,

89 4003 266 4060 auctoritate
281 4001 442 4074 apostolica
453 4001 655 4073 prohibemus.
666 4003 758 4056 Novas
774 4007 917 4073 praeterea

91 4099 118 4150 et
131 4093 284 4149 indebitas
298 4091 468 4147 exactiones
483 4091 519 4146 ab
541 4090 782 4163 archiepiscopis,
799 4091 917 4162 episco-

90 4193 145 4264 pis,
158 4191 378 4247 archidiaconis
390 4207 441 4246 seu
457 4189 578 4246 decanis
591 4189 635 4246 vel
646 4189 713 4245 aliis
724 4189 917 4247 ecclesiarum

9 4263 10 4280 Χ
92 4282 223 4354 praelatis
238 4281 361 4337 omnino
377 4280 458 4338 vobis
479 4280 543 4336 fleri
564 4279 766 4352 prohibemus
783 4279 918 4338 Chrisma

91 4370 278 4439 roro,olenm
295 4375 442 4438 sanctum,
455 4369 697 4426 consecrationes
712 4369 848 4425 altarium
865 4389 917 4428 seu

90 4460 296 4527 basilicarum,
312 4459 514 4514 ordinationes
546 4458 721 4514 clericorum
736 4475 787 4514 seu
813 4477 917 4518 mona-

930 1815 957 1880 Β
972 1843 1000 1894 et
1017 1839 1046 1894 in
1062 1839 1212 1911 praedictis
1227 1845 1366 1900 Ecclesiis

1390 1846 1623 1906 dioecesanorum
1639 1851 1792 1924 episcopo·

967 1943 1033 1984 rum
1050 1930 1194 1985 canonica
1204 1931 1332 2004 justitia.
1350 1933 1378 1990 Si
1398 1951 1457 2008 qua
1471 1937 1569 2008 igitur,
1586 1944 1641 1994 etc.

1002 2017 1119 2086 Datum,
1135 2025 1165 2074 at
1178 2037 1273 2092 supro,
1291 2027 1358 2091 etc,
1375 2041 1393 2080 ιι
1411 2025 1479 2081 Idus
1496 2027 1574 2082 llaii.

1126 2243 1223 2282 Anam
1243 2245 1275 2284 BT
1294 2245 1448 2286 coavuarut
1468 2249 1492 2286 S.
1512 2249 1641 2290 utonrsu.

970 2309 1003 2364 Ut
1020 2309 1150 2382 beneficio
1163 2319 1285 2373 nondum
1299 2322 1436 2388 vocantia,
1457 2321 1499 2376 oet
1511 2329 1643 2392 petantur
1656 2324 1699 2380 ael
1712 2327 1795 2381 etiam

1280 2393 1469 2459 conserantur.

1230 2479 1359 2549 (Datum,
1376 2482 1526 2554 utsupra).

1003 2578 1044 2632 Ex
1059 2585 1143 2650 parte
1158 2589 1254 2641 vestra
1268 2585 1324 2642 luit
1348 2587 1380 2642 in
1401 2587 1554 2645 audientia
1569 2595 1672 2646 nostra
1686 2606 1797 2664 propo-

969 2666 1060 2722 situm
1077 2671 1156 2740 quod
1178 2674 1299 2743 quidam
1316 2677 1427 2745 clerici,
1443 2694 1569 2748 quorum
1595 2679 1653 2734 vita
1676 2685 1706 2735 et
1724 2695 1809 2746 cou-¹

968 2757 1096 2813 versatio
1111 2759 1275 2833 ignoratur,
1293 2765 1624 2838 ecclesias,praebendas
1640 2774 1668 2823 et
1682 2767 1798 2824 bened-

968 2843 1016 2900 cia
1030 2848 1164 2905 nondum
1185 2854 1320 2909 vacantia
1336 2854 1392 2910 sibi
1415 2861 1520 2912 contra
1535 2855 1688 2913 decretum
1713 2857 1798 2912 late·

967 2949 1072 2990 renen.
1089 2940 1211 2996 concilii
1226 2942 1354 2998 conferri
1369 2943 1512 3013 volentes,
1529 2951 1659 3002 vestrum
1678 2961 1799 3002 monas·

969 3023 1077 3080 terium
1092 3026 1253 3086 intendunt
1267 3031 1477 3105 multipliciter
1489 3049 1655 3107 aggravare.
1670 3037 1727 3092 Nos
1744 3034 1798 3108 igi-

974 3296 1034 3348 tate
1050 3293 1131 3350 vohis
1143 3303 1337 3368 praesentium
1354 3302 1543 3375 indulgemus
1563 3307 1605 3372 nt,
1622 3302 1703 3358 salva
1717 3302 1798 3357 sedis

973 3384 1143 3453 apostolica
1158 3390 1364 3458 auctoritatem
1380 3391 1484 3447 talium
1500 3389 1685 3462 impetitione
1699 3407 1798 3446 mone·

974 3472 1029 3527 atis
1044 3474 1164 3546 penitus
1179 3475 1318 3532 absoluti.
1335 3479 1413 3534 Nulli
1429 3495 1509 3552 ergo,
1525 3485 1582 3534 etc.

1008 3562 1125 3632 Datum,
1141 3571 1279 3636 utsupra.

1310 3674 1451 3729 ccxxvi.

1129 3777 1228 3817 anunm
1249 3779 1281 3818 or
1301 3779 1457 3820 convenam
1478 3779 1644 3820 crsrsncms.

975 3849 1008 3904 Ut
1018 3865 1071 3921 pro
1086 3866 1114 3905 se
1138 3854 1306 3920 gravissimis
1330 3855 1449 3908 omnium
1473 3855 1655 3909 Ecclesiarum
1678 3852 1796 3922 negotiis

1218 3930 1348 3996 occupato
1363 3927 1448 3980 licum
1463 3932 1550 3981 orent.

1262 4017 1309 4085 (12
1321 4014 1385 4070 llal.
1401 4015 1503 4086 lunii).

1008 4104 1082 4158 llum
1093 4119 1153 4158 non
1164 4103 1261 4160 solnm
1271 4103 1342 4176 quid
1357 4105 1388 4160 in
1400 4121 1516 4160 summo
1528 4104 1678 4177 pontifice,
1695 4119 1796 4160 verum

973 4193 1062 4248 etiam
1078 4193 1108 4249 in
1124 4192 1259 4264 quolibet
1274 4195 1413 4266 episcopo
1424 4195 1596 4264 requiratur
1608 4193 1798 4258 advertimus,

971 4289 1000 4338 et
1009 4283 1181 4355 gravitatem
1192 4282 1449 4355 officiipnstoralis
1461 4289 1490 4337 ot
1499 4282 1643 4355 praeteriti
1657 4281 1799 4353 temporis

970 4371 1151 4428 attendimus
1173 4373 1351 4442 libertatem,
1368 4377 1398 4428 et
1409 4372 1471 4428 lere
1487 4387 1610 4444 prorsus
1625 4372 1656 4426 in
1671 4370 1792 4426 insusti-

970 4463 1068 4517 centia
1080 4467 1182 4517 nostra
1193 4461 1358 4530 deficimus,
1370 4467 1399 4516 et
1409 4460 1439 4517 in
1454 4477 1487 4516 eo
1500 4460 1562 4516 solo
1572 4460 1658 4532 quus
1668 4460 1746 4516 vices
1762 4459 1792 4514 in

90 4550 284 4622 chorum,qui
295 4549 332 4605 ad
343 4566 442 4606 sacros
452 4548 571 4604 ordines
580 4549 955 4622 sarernntpromovendi,.1)
973 4552 1059 4607 terris
1073 4552 1203 4624 gerimus
1219 4551 1414 4618 confidentes,
1427 4550 1462 4605 de
1478 4551 1588 4606 nostris
1602 4550 1717 4606 meritis
1733 4565 1794 4606 non

91 4655 298 4712 aqnocunque
311 4637 475 4695 malueritis
486 4638 654 4710 suscipiatis
663 4639 816 4711 episcop0;
827 4640 916 4712 siqui·

91 4734 160 4788 dem
176 4731 340 4788 catholicus
355 4729 444 4785 inerit
463 4735 491 4785 et
510 4730 634 4803 gratiam
653 4730 917 4801 apostolicaesedis

90 4821 230 4878 babuerit
245 4826 273 4876 et
288 4837 323 4876 ea
335 4819 416 4876 vobis
431 4819 522 4892 gratis
537 4823 566 4875 et
581 4818 693 4890 absque
709 4819 808 4892 aliqua
820 4821 917 4892 pravi-

89 4919 148 4968 tate
164 4910 293 4966 voluerit
308 4910 458 4968 exhibere.
473 4907 647 4966 inhibemus
657 4909 779 4982 insuper
794 4916 824 4966 ut
840 4911 918 4968 infra

91 5003 168 5058 fines
183 5001 400 5072 parochialium
417 4999 611 5056 ecclesiarum
631 5005 794 5056 vestrarum
816 5003 917 5059 nullus

91 5093 155 5148 sine
185 5090 344 5147 dioecesani
369 5089 501 5162 episcopi
516 5095 545 5146 ct
559 5093 653 5144 vestro
669 5105 792 5145 assensu
818 5093 918 5164 capel-

9 5219 10 5234 ι
91 5189 151 5246 lam
167 5189 213 5246 vel
228 5189 390 5246 oratorium
406 5187 552 5246 adificare
568 5193 738 5261 prasumat,
756 5188 847 5246 Salvis
859 5191 918 5262 pri·

88 5279 204 5354 vilegiis
221 5281 363 5336 Romana
382 5278 534 5346 Ecclesiae,
551 5278 657 5334 missas
686 5294 756 5333 sane
782 5278 919 5350 publicas

89 5367 236 5426 celebrari
252 5373 303 5425 ant
316 5367 459 5424 stationes
476 5368 505 5423 in
517 5367 621 5424 eodem
636 5367 829 5436 monasterio,
841 5385 918 5440 proi·

90 5465 136 5514 ter
149 5458 269 5516 abbatis
283 5458 477 5526 voluntatem,
494 5457 558 5514 tleri
574 5455 776 5530 probibemus.
793 5457 848 5514 Sed
863 5475 918 5516 nec

90 5547 269 5606 interdicere
285 5565 341 5604 nec
354 5547 625 5614 excommunicare,
641 5561 695 5602 nec
720 5545 756 5602 ad
772 5549 918 5620 synodum

91 5653 195 5696 vocare
210 5637 257 5697 vel
271 5636 410 5696 abbatem
425 5636 471 5694 vel
486 5635 580 5712 ipsius
593 5635 650 5693 loci
667 5635 839 5709 monachos,
856 5640 919 5716 epi·

972 4639 1795 4712 speramustluamvisenimvariissumusnegotiisoccu-

971 4730 1147 4804 pati,ntpote
1159 4729 1407 4802 quibusomnium
1416 4726 1614 4783 Ecclesiarum
1626 4726 1794 4784 sollicitudo

972 4836 1090 4892 semper
1104 4817 1423 4890 incumbit,aliquando
1436 4818 1576 4874 tamenin
1587 4817 1731 4889 nosipsos
1746 4832 1794 4871 no·

973 4916 1040 4966 strae
1051 4909 1298 4965 considerationis
1313 4908 1407 4964 aciem
1422 4908 1699 4976 retlectentes,dum
1714 4907 1795 4978 prio-

972 5016 1037 5056 rem
1052 5004 1162 5055 statum
1177 4997 1317 5071 praesenti
1333 4997 1515 5053 conterimus
1540 5002 1569 5052 et
1583 5003 1742 5064 utrumque
1757 4991 1795 5048 ad

973 5089 1101 5146 alterum
1111 5089 1235 5145 rationis
1252 5087 1337 5144 lance
1351 5101 1629 5159 pensemus,servos
1645 5099 1795 5140 serrorum

973 5185 1072 5253 (prout
1080 5181 1110 5235 in
1119 5177 1296 5250 compendio
1306 5177 1494 5233 salutationis
1504 5177 1671 5230 litterarum
1683 5169 1796 5228 nostru·

972 5287 1039 5326 rum
1055 5271 1224 5343 apponitur)
1241 5285 1295 5324 nos
1311 5283 1376 5322 esse
1391 5266 1598 5340 agnoscimns;
1614 5261 1664 5334 qui
1680 5278 1740 5316 non
1753 5277 1796 5316 so·

974 5361 1036 5416 lum
1047 5360 1082 5415 de
1093 5359 1190 5426 nobis,
1201 5358 1252 5414 sed
1262 5357 1299 5413 de
1310 5357 1451 5413 omnibus
1460 5354 1581 5412 omnino
1593 5351 1733 5408 fidelibus
1748 5356 1796 5407 te-

974 5441 1798 5514 nemnrDeoreddererationem.Cumquesusceptiregi-

973 5540 1063 5598 minis
1073 5539 1287 5611 onusquodest
1301 5535 1450 5592 debilibus
1465 5532 1574 5588 nostris
1591 5531 1724 5588 humeris
1739 5531 1797 5586 im-

973 5633 1119 5710 portabile
1132 5630 1306 5706 cogitamus,
1319 5625 1393 5684 illud
1399 5623 1605 5701 propheticum
1614 5637 1702 5700 posse
1710 5620 1797 5681 nobis
