3952 6062
204 311 256 364 tet
382 366 386 374 ,
699 308 901 364 INNOCEb'Tll
920 307 958 360 Ill
977 307 1032 361 PP.
1053 305 1287 364 REGESTORUM
1308 305 1373 362 LlB.
1394 306 1416 358 1.
1861 307 1919 360 488

204 438 297 505 paret.
314 433 377 488 Non
392 432 472 487 enim
488 432 619 488 humana
634 433 685 489 sed
700 432 800 488 diviua
825 433 923 505 potius
945 435 1027 504 pote·
1042 433 1071 498 Α
1087 431 1161 486 Saue
1175 448 1240 500 nos,
1256 431 1307 502 qui
1331 446 1414 487 sacra
1434 429 1559 486 docente
1581 429 1732 501 Scriptura
1755 443 1922 484 monemur

204 526 278 577 state
300 521 472 594 conjugium
495 521 648 594 spirituale
670 521 849 590 dissolvitur,
879 537 947 576 cuin
974 537 1028 591 per
1082 535 1119 574 ne
1134 526 1270 575 nostrum
1285 519 1337 576 alii
1352 519 1457 576 demus
1481 519 1638 586 honorem,
1663 519 1804 588 quoniam
1821 534 1919 589 apos-

203 611 430 668 translationem
444 609 489 666 rel
513 611 729 682 depositionem
746 611 901 667 autetiam
917 610 1027 666 cessio·
1082 609 1186 664 tolatui
1199 615 1301 665 nostro
1321 609 1424 665 multis
1440 608 1639 664 referentibus
1651 607 1822 664 innotuerat
1831 607 1919 680 quod

202 719 283 770 nem,
308 702 482 757 auctoritate
499 702 624 758 Romani
635 702 796 774 pontillcis,
808 719 897 773 quem
912 703 1028 756 constat
1081 698 1260 754 venerabilis
1275 699 1367 754 irater
1389 705 1491 756 noster
1505 701 1652 756 Toronen.
1669 697 1918 770 archiepiscopus

202 807 266 846 esse
281 790 422 846 vicarium
437 791 505 846 lesu
527 791 644 859 Christi,
668 791 824 863 episcopus
843 791 879 846 ab
895 789 1027 845 Ecclesia
1081 787 1256 860 magistrum
1284 789 1326 844 W.
1358 787 1394 844 de
1421 787 1584 844 chimeleio
1611 787 1698 860 (24³),
1723 787 1775 860 qui
1796 786 1918 842 electus

200 886 378 937 removetur.
395 881 430 934 Et
443 880 509 935 ideo
524 880 581 935 tria
595 880 658 936 hac
671 897 736 952 qua
753 880 950 952 praemisimus
964 893 1026 934 uon
1079 875 1177 932 suerat
1190 877 1222 932 in
1235 877 1406 949 episcopum
1421 877 1636 932 abrincensem
1652 881 1682 932 et
1696 892 1749 948 per
1764 881 1920 948 metropo-

200 981 259 1030 tain
285 969 497 1024 constitutione
512 970 654 1024 canonica
670 985 759 1040 quum
775 969 960 1024 institutione
976 967 1025 1022 di·
1080 965 1206 1022 litonum
1222 983 1308 1022 suum
1323 972 1425 1039 postea
1440 965 1643 1032 confirmatus,
1660 963 1711 1036 qui
1731 964 1917 1036 aliquandiu

200 1058 267 1114 vina
289 1058 343 1113 soli
368 1063 438 1113 sunt
461 1060 593 1114 Romano
617 1057 748 1130 pontillci
772 1064 928 1113 reservata.
946 1057 1027 1112 Sicut
1080 1059 1140 1110 tam
1154 1056 1185 1111 in
1201 1055 1405 1128 spiritualibus
1421 1072 1510 1128 quam
1525 1055 1556 1110 in
1571 1053 1786 1127 temporalibus
1801 1053 1918 1109 minis-

199 1155 298 1204 autem
310 1151 465 1221 episcopus
480 1155 670 1206 consecratus
686 1151 749 1206 sinc
765 1150 886 1206 lieentia
900 1149 1024 1206 Romani
1080 1149 1182 1212 trurat,
1193 1143 1224 1198 in
1232 1144 1394 1200 Ecclesiam
1405 1142 1823 1215 restrampratcrapostolicae
1831 1141 1918 1197 sedis

198 1238 348 1310 pontilicis
361 1255 444 1294 suam
455 1254 515 1294 non
524 1237 612 1294 dehet
624 1239 786 1294 Ecclesiam
798 1238 1024 1309 derelinquere;
1079 1233 1285 1288 auctoritatem
1301 1233 1461 1290 transferre
1478 1231 1669 1305 presumpsit
1690 1237 1720 1286 et
1736 1231 1918 1304 episcopum

198 1311 241 1382 sic
265 1331 295 1384 et
318 1327 429 1383 electus
453 1327 648 1384 confirmatus
667 1333 774 1400 prater
789 1327 853 1399 ejus
869 1343 1023 1382 assensum
1079 1339 1264 1390 consecrare,
1276 1321 1919 1394 quemetreiterabilissratcrnosterllotho-

198 1433 283 1472 suam
308 1415 444 1473 deserere
467 1417 573 1487 nequit
599 1416 771 1484 Ecclesiam,
797 1417 843 1472 cui
861 1416 1024 1472 estmatri-
1079 1411 1227 1484 magensis
1242 1411 1484 1483 archiepiscopus
1502 1415 1612 1482 prater
1634 1409 1805 1481 apostolicas
1829 1409 1918 1464 sedis

198 1506 369 1562 monialiter
383 1506 538 1585 alligatus3
554 1523 622 1561 cum
637 1523 697 1561 nou
712 1505 819 1562 debeat
840 1507 871 1561 in
900 1505 1024 1561 dubium
1079 1497 1915 1556 mandatumabsolviteteitribuitlicentiamtranseundi

196 1597 326 1650 revocari
343 1597 415 1667 quin
430 1600 498 1667 post
513 1595 690 1651 electionem
713 1600 742 1650 et
766 1595 1024 1650 confirmationem
1078 1589 1239 1645 venerabili
1248 1589 1331 1644 lratri
1342 1595 1444 1646 nostro
1454 1589 1613 1645 bituricen.
1626 1588 1865 1660 archiepiscopo,
1875 1587 1917 1644 de

196 1685 381 1752 canonicam,
407 1685 485 1740 inter
506 1700 665 1756 personam
692 1685 864 1756 eligentium
887 1688 917 1740 et
937 1683 1022 1739 electi
1078 1697 1137 1752 quo
1153 1679 1274 1751 plenam
1290 1677 1810 1746 llduciamobtinemus,dedimusin
1823 1695 1917 1734 man·

197 1773 368 1846 conjugium
384 1774 423 1828 sit
437 1774 591 1846 spirituale
606 1777 812 1829 contractum:
828 1771 875 1828 cui
890 1771 1021 1845 prolecto
1037 1799 1064 1865 Β
1079 1768 1156 1825 datis
1178 1773 1212 1824 ut
1232 1765 1375 1840 inquisita
1394 1783 1484 1841 super
1507 1766 1563 1824 hoc
1585 1767 1703 1839 plenius
1718 1767 1853 1834 veritate,
1887 1769 1914 1823 si

198 1863 376 1935 episcopalis
399 1863 527 1936 dignitas
550 1862 624 1918 nihil
639 1862 730 1933 addit,
745 1878 811 1918 eum
828 1862 894 1934 quis
908 1861 1023 1934 episco-
1079 1874 1142 1913 rem
1153 1861 1265 1931 gestam
1276 1857 1376 1913 taliter
1392 1857 1548 1925 inveniret,
1565 1861 1626 1912 tam
1637 1861 1835 1912 memoratum
1853 1857 1915 1912 Tu-

197 1951 256 2022 pali
278 1951 420 2023 praditus
444 1951 598 2024 dignitate,
623 1952 736 2007 nullius
760 1956 861 2007 tamen
885 1951 1024 2007 Ecclesia
1079 1963 1238 2004 nonensem
1250 1964 1339 2019 quam
1352 1947 1449 2020 ipsum
1461 1948 1728 2020 llothomagcnsem
1740 1946 1914 2018 archiepis-

196 2039 291 2110 possit
305 2041 462 2113 episcopus
477 2057 561 2108 esse;
578 2040 830 2114 quemadmodum
841 2040 938 2098 deillo
954 2057 1024 2098 con·
1079 2054 1180 2110 copos,
1203 2038 1253 2110 qui
1277 2037 1382 2094 saltem
1406 2035 1600 2109 apostolicam
1623 2035 1725 2092 sedern
1741 2053 1830 2108 super
1855 2036 1915 2091 hoc

196 2127 283 2201 tingit
306 2129 356 2200 qui
373 2130 455 2185 oneri
472 2130 636 2202 pontificali
656 2131 816 2198 renuntiat,
831 2147 891 2185 non
907 2129 1023 2186 honori.
1078 2127 1158 2199 quod
1169 2143 1277 2183 novum
1294 2131 1466 2194 emerserat,
1481 2126 1648 2198 prasertim
1668 2142 1736 2182 cum
1747 2125 1833 2198 juxta
1849 2131 1915 2180 tra·

197 2217 279 2272 Unde
304 2234 372 2273 curn
396 2235 457 2274 non
480 2219 577 2292 majus
600 2221 638 2274 sit
662 2218 812 2274 vinculum
829 2217 959 2291 episcopi
986 2217 1023 2273 ad

195 2307 357 2363 Ecclesiam
382 2325 470 2379 quam
495 2308 593 2376 electi,
613 2308 741 2364 maxime
764 2324 831 2363 cum
847 2307 937 2363 luerit
952 2322 1023 2363 con-

194 2396 340 2464 llrmatus,
359 2397 418 2452 imo
441 2396 521 2453 idem
547 2397 665 2470 penitus
689 2402 718 2452 et
742 2413 802 2452 uon
826 2396 917 2466 aliud,
943 2397 1022 2452 idern

188 2485 266 2557 juris
282 2485 397 2541 obtinet
412 2487 441 2541 in
465 2491 600 2556 utroque.
625 2485 707 2541 Sicut
722 2501 790 2558 ergo
815 2485 1022 2558 episcoporum

192 2575 347 2630 translatio
372 2575 417 2630 vel
442 2576 532 2632 etiam
556 2575 716 2646 depositio,
742 2575 784 2630 sic
809 2580 838 2629 et
860 2575 1022 2631 electorum

192 2665 286 2720 cessio
302 2669 369 2737 post
384 2664 640 2720 confirmationem
652 2664 767 2719 ratione
781 2664 944 2736 spiritualis
955 2681 1022 2720 oon·

188 2752 265 2826 jugii
289 2753 344 2807 soli
373 2758 419 2808 est
447 2755 578 2808 Romano
603 2752 738 2824 pontifici
763 2758 920 2809 reservata.
942 2753 1023 2809 Licet

190 2855 286 2911 usque
313 2838 352 2895 ad
374 2845 509 2912 tempora
530 2841 588 2895 ista
611 2841 689 2912 quod
714 2845 833 2897 cautum
861 2841 957 2898 luerat
985 2841 1021 2897 de

192 2928 342 3000 episcopis
364 2945 536 3002 expressum
558 2945 620 2984 uon
644 2929 734 2984 luerit
757 2929 792 2986 de
817 2930 930 2999 electis,
953 2947 1022 3003 pro-

192 3021 259 3088 pter
275 3032 446 3088 expressam
460 3022 558 3073 tamen
579 3017 807 3074 similitudinem
822 3019 867 3074 vel
882 3019 1022 3076 identita-

1079 2218 1207 2274 ditiones
1221 2218 1379 2274 canonicas
1395 2217 1524 2289 majores
1537 2215 1745 2272 ecelesiastica
1758 2231 1857 2272 causas
1872 2215 1913 2270 ad

1079 2307 1178 2363 sedem
1201 2306 1394 2380 apostolicam
1411 2306 1470 2361 sint
1492 2305 1667 2374 referenda,
1683 2304 1840 2361 consulere
1857 2305 1915 2360 de-

1077 2397 1216 2464 buerunt,
1232 2413 1250 2452 a
1264 2396 1490 2452 confirmatione
1505 2396 1616 2468 pariter
1632 2399 1661 2451 et
1681 2394 1911 2451 consecratione

1077 2486 1263 2557 pontillcum,
1292 2489 1491 2541 memoratum
1513 2501 1581 2540 vero
1598 2486 1639 2540 W.
1663 2485 1699 2540 ab
1716 2485 1910 2540 exsecutione

1077 2575 1257 2646 pontillcalis
1281 2574 1372 2630 ollloii
1398 2579 1501 2631 nostra
1527 2574 1621 2630 fretus
1646 2573 1820 2630 auctoritate
1845 2590 1909 2628 sus·

1077 2664 1230 2735 penderet.
1247 2663 1300 2729 Qui
1318 2663 1450 2720 mandati
1465 2663 1559 2720 nostri
1584 2662 1713 2735 diligens
1738 2667 1908 2730 exsecutor,

1077 2769 1167 2826 super
1187 2769 1245 2825 quo
1269 2753 1457 2810 devotionem
1474 2754 1539 2825 ejus
1553 2752 1643 2826 digna
1654 2752 1816 2826 gratiarum
1832 2769 1907 2824 pro-

1077 2844 1231 2914 sequimur
1248 2843 1375 2912 actioue,
1396 2859 1463 2898 cum
1480 2859 1535 2914 per
1549 2841 1768 2897 confessionem
1784 2849 1908 2913 sponta-

1076 2947 1164 2988 neam
1189 2930 1285 2986 eidcm
1310 2930 1471 2988 bituricen.
1492 2930 1716 3002 archiepiscopo
1729 2929 1765 2984 dc
1783 2929 1907 2984 veritate

1075 3021 1186 3094 negotii
1202 3021 1395 3088 constitisset,
1419 3019 1515 3076 dictos
1529 3019 1769 3092 archiepiscopos
1784 3024 1815 3074 et
1827 3020 1909 3092 epis·

192 3110 253 3161 tem
278 3105 388 3179 potius,
412 3106 525 3162 nemini
545 3110 662 3178 poterat
675 3106 768 3162 videri
784 3106 907 3164 dubium
924 3108 1018 3164 subti·
1078 3127 1185 3184 eopum
1197 3111 1425 3183 juxtateuorem
1441 3109 1572 3166 mandati
1587 3109 1681 3165 nostri
1695 3109 1861 3181 suspendit.
1873 3111 1910 3163 Et

190 3195 261 3250 liter
284 3195 423 3264 intuenti,
440 3212 507 3251 cum
522 3195 600 3251 idem
609 3195 756 3268 judicium
768 3196 803 3252 de
817 3196 964 3253 similibus
980 3197 1019 3254 sit
1079 3201 1212 3272 quamvis
1235 3199 1326 3255 iidem
1349 3199 1565 3271 archiepiscopi
1588 3200 1736 3254 Turonen.
1751 3201 1780 3253 et
1795 3197 1908 3254 hotho·
1963 3229 1964 3241 κ

190 3283 372 3340 habendum.
398 3285 564 3370 Sedpeque
583 3285 658 3340 illud
672 3285 751 3356 quod
770 3284 801 3340 iu
816 3301 929 3343 canone
945 3285 1019 3360 legi·
1074 3305 1191 3362 magen.
1207 3293 1350 3360 tanquam
1365 3287 1494 3359 majores
1505 3288 1572 3360 plus
1588 3286 1770 3344 excesserint
1780 3285 1812 3342 iu
1828 3303 1905 3358 pra-

189 3374 289 3430 turdo
315 3373 408 3429 electo
434 3373 519 3446 (att),
543 3377 576 3430 ut
599 3374 623 3429 si
650 3373 728 3430 ultra
751 3373 883 3447 quinque
899 3392 1019 3432 menses
1074 3379 1185 3446 missis,
1207 3378 1347 3451 praelatus
1367 3393 1436 3434 vero
1453 3375 1734 3450 episcopusmiuus‚
1749 3379 1853 3447 utpote
1869 3375 1904 3430 il-

188 3479 243 3535 per
259 3479 344 3518 suam
356 3461 568 3535 negligentiam
580 3463 739 3520 retinuerit
753 3463 902 3520 viduatam
917 3465 1019 3521 Eccle-
1074 3465 1171 3522 lorum
1195 3471 1337 3539 tanquam
1359 3466 1509 3538 majorum
1532 3481 1664 3521 errorem
1680 3468 1817 3532 secutus;
1848 3481 1902 3519 nos

190 3553 275 3621 siam,
292 3568 347 3607 nec
363 3551 403 3607 ibi
419 3567 474 3607 neo
490 3551 561 3606 alibi
576 3552 809 3608 consecrationis
825 3552 936 3610 donum
951 3571 1019 3626 per·
1074 3561 1174 3611 tamen
1186 3555 1338 3610 intellecta
1350 3571 1404 3626 per
1419 3553 1533 3610 litteras
1544 3557 1573 3610 et
1583 3569 1637 3626 per
1651 3552 1771 3609 nunaos
1782 3567 1902 3608 corum-

189 3641 289 3712 cipiat‚
305 3639 365 3696 imo
382 3639 612 3712 metropolitano
629 3641 675 3696 sui
694 3639 781 3697 cedat
790 3641 916 3714 judicio,
933 3642 1020 3698 aliter
1074 3644 1143 3700 dem
1164 3643 1455 3715 archiepiscoporum
1477 3641 1664 3700 confessione
1688 3645 1854 3713 spontanea
1874 3647 1902 3695 et

190 3727 790 3802 intelligentibuspoteratsullragari,cum
803 3746 862 3786 non
872 3730 1018 3804 intelliga-

191 3815 598 3888 turEcclesiaviduata,quasi
610 3834 753 3888 sponsum
764 3834 825 3874 uon
837 3817 954 3888 habeat,
966 3820 1018 3877 sed

191 3905 262 3976 quia
285 3920 353 3960 cum
375 3921 501 3976 sponsus
525 3905 590 3977 ejus
612 3905 745 3962 nendum
762 3907 801 3962 sit
814 3914 1017 3978 consecratus,

191 3993 287 4049 adhuc
303 3992 400 4064 quoad
413 3993 549 4065 quadarn
564 3994 649 4065 quasi
664 3995 717 4050 viri
733 4001 835 4052 manet
848 3996 953 4052 solatio
969 3997 1019 4054 de·

191 4082 313 4138 stituta:
338 4081 416 4136 sicut
434 4081 520 4154 juxta
533 4099 723 4140 communem
738 4085 860 4142 modum
875 4086 1017 4158 loquendi

1074 3731 1291 3805 supplicatione
1305 3731 1419 3799 devota,
1434 3730 1551 3788 veniam
1563 3729 1656 3786 errori
1669 3728 1816 3798 dedimus,
1833 3729 1902 3800 quia

1074 3838 1134 3876 uon
1150 3837 1186 3876 ex
1201 3819 1386 3893 malignitate
1402 3819 1454 3875 sed
1469 3835 1505 3875 ex
1518 3818 1709 3890 simplicitate
1730 3823 1902 3890 peccarunt.

1073 3911 1107 3964 Et
1122 3909 1264 3980 quoniam
1280 3908 1421 3982 praelatus
1437 3907 1593 3980 episcopus
1606 3907 1657 3980 qui
1672 3911 1702 3963 et
1715 3907 1817 3963 minus
1828 3924 1903 3979 pec-

1073 4003 1199 4067 caverat,
1223 4003 1262 4066 et,
1288 3999 1366 4054 sicut
1390 4013 1425 4054 ex
1446 3997 1609 4070 praemissis
1622 4002 1756 4069 apparet,
1772 3997 1904 4052 severius

1072 4087 1351 4160 fucratcastigatus,
1367 4086 1404 4142 ad
1414 4086 1607 4159 apostolicam
1622 4084 1804 4142 sedemlieet
1814 4100 1904 4157 spon·
1955 4079 1956 4091 ¹

1073 4183 1161 4232 tanea
1169 4176 1331 4245 voluntate,
1342 4191 1402 4232 non
1415 4181 1514 4232 tamen
1525 4174 1589 4230 sine
1601 4173 1661 4230 mul
1667 4175 1703 4230 tis
1713 4173 1868 4230 laboribus
1876 4180 1905 4230 et
1954 4163 1955 4197 ¹

189 4262 306 4332 habeat,
331 4262 470 4318 inutilem
495 4267 594 4319 tamen
620 4263 794 4335 perhibetur
817 4265 936 4322 habere.
958 4268 1017 4323 Nec
1073 4264 1209 4338 expensis
1219 4263 1357 4332 accessit,
1369 4270 1484 4321 reatum
1501 4279 1587 4320 suum
1603 4277 1830 4336 recognoscens,
1847 4263 1905 4320 hu·
1953 4271 1954 4305 l

187 4352 318 4435 quodlde
343 4351 478 4409 cessione
500 4351 694 4425 subsequitur
708 4359 738 4409 el
753 4359 895 4411 statutum
908 4355 965 4411 luit
979 4356 1016 4412 ad
1073 4354 1184 4410 militer
1195 4359 1225 4410 et
1236 4353 1338 4410 devote
1348 4352 1586 4410 misericordiam
1602 4351 1757 4425 postulans
1773 4356 1805 4409 et
1814 4352 1903 4424 judi·
1952 4377 1953 4411 t

187 4457 305 4513 panem
330 4441 407 4496 trahi
431 4441 519 4498 debet
543 4441 581 4496 ad
595 4442 741 4512 gratiam3
766 4447 799 4499 ut
813 4444 890 4499 sicut
904 4449 1016 4502 metro·
1072 4443 1150 4500 cium
1166 4460 1226 4500 non
1239 4444 1416 4516 requirens;
1432 4459 1488 4500 nos
1503 4442 1679 4514 superfacto
1690 4441 1831 4514 ejuscum
1842 4443 1901 4498 ira·
1951 4451 1952 4517 l

189 4171 241 4228 illa
257 4170 366 4227 dicitur
380 4169 511 4226 Ecclesia
523 4171 651 4241 viduata,
666 4188 733 4243 qua
756 4173 827 4230 licet
845 4173 1016 4247 episcopum

185 4530 309 4604 politani
334 4529 448 4602 judicio
477 4530 589 4586 electus
617 4531 766 4603 dejicitur,
793 4533 835 4589 ita
861 4533 950 4588 etiam
975 4533 1166 4598 athribus
1181 4534 1292 4590 nostris
1308 4534 1506 4588 communiter
1527 4535 1687 4588 tractatum
1700 4531 1846 4588 habentes
1873 4537 1902 4588 et
1948 4547 1951 4624 p

185 4617 275 4675 aliam
289 4617 450 4674 Ecclesiam
464 4619 558 4690 possit
572 4620 744 4686 transferri;
766 4623 931 4693 prasertim
947 4639 1015 4679 cunr
1070 4619 1220 4675 subtiliter
1234 4619 1408 4694 indagantes
1423 4619 1504 4692 quod
1519 4619 1590 4676 licet
1610 4635 1720 4675 munus
1744 4618 1801 4674 sibi
1825 4636 1899 4676 con·
1949 4649 1950 4729 p

185 4722 241 4761 nec
261 4705 327 4762 sine
352 4706 527 4762 auctoritate
548 4707 674 4762 Romani
689 4707 839 4778 pontilicis
854 4709 906 4764 ssat
920 4711 1014 4766 cessio
1069 4709 1243 4765 secretionis
1258 4709 1427 4782 impensum
1445 4725 1501 4765 nec
1519 4709 1628 4780 prioris
1643 4707 1782 4764 Ecclesia
1798 4709 1897 4782 ipsum
1948 4743 1949 4748 κ

184 4794 230 4852 vel
246 4794 372 4868 dejectio
389 4799 562 4864 memorata,
583 4797 645 4867 qui,
661 4802 694 4852 ut
713 4803 835 4869 possent
849 4815 885 4854 ex
899 4815 1013 4855 canone
1068 4798 1239 4869 pontillcem
1263 4799 1368 4855 iecerit
1387 4814 1444 4855 neo
1468 4798 1617 4867 secunda,
1633 4814 1700 4854 cum
1715 4797 1754 4854 ad
1768 4799 1895 4870 primam
1948 4751 1949 4835 l

184 4884 247 4952 illo,
264 4883 502 4956 metropolitanis
515 4883 649 4942 indulsit.
666 4885 749 4942 Unde
765 4886 789 4942 si
813 4886 892 4963 circa
915 4891 1014 4943 trans·
1067 4902 1127 4941 non
1149 4886 1239 4943 luerit
1261 4891 1452 4944 consecratus
1475 4891 1505 4942 ct
1528 4885 1761 4953 adamandam,
1788 4886 1896 4956 prioris
1947 4885 1948 4943 l

183 4973 328 5030 lationem
347 4973 426 5030 idem
454 4973 517 5028 llari
541 4973 691 5042 voluisset,
717 4974 796 5046 quod
819 4975 855 5030 de
877 4976 1011 5032 cessione
1066 4975 1183 5032 vinculo
1199 4975 1390 5048 perdurante,
1407 4991 1468 5032 uon
1487 4974 1618 5047 potuerit
1631 4973 1774 5030 canonice
1790 4989 1896 5030 conse-
1946 4969 1947 5049 l

182 5064 298 5122 dixerat
319 5067 349 5118 et
372 5061 407 5118 de
423 5061 620 5119 translatione
636 5064 952 5136 poteratexpressisse,
982 5071 1012 5121 et
1071 5065 1147 5121 erari
1163 5064 1512 5139 adhucalterialligatus
1527 5063 1744 5136 conjugaliter3
1761 5061 1837 5118 illud
1853 5069 1895 5118 ta·
1945 5083 1946 5155 p

181 5152 261 5226 quod
273 5155 391 5208 nonest
405 5155 579 5208 sanctorum
590 5154 712 5208 Patrum
723 5153 840 5209 decreto
851 5153 1010 5224 sancitum,
1065 5171 1134 5212 men
1150 5153 1270 5227 provide
1279 5153 1469 5210 attendentes
1480 5150 1561 5224 quod
1570 5157 1600 5208 et
1611 5167 1719 5225 urgens
1730 5151 1895 5208 necessitas

180 5239 394 5314 superstitiosis
408 5255 469 5297 non
485 5245 530 5296 cst
549 5239 810 5297 adinventionibus
824 5258 1010 5313 prasumen-
1064 5248 1094 5299 et
1109 5243 1230 5300 evidens
1243 5243 1356 5300 utilitas
1370 5241 1510 5298 Ecclesia
1529 5246 1644 5310 vestra,
1668 5241 1812 5313 quoniam
1834 5257 1893 5296 uon

179 5329 269 5398 dum;
286 5330 450 5403 prasertim
467 5345 535 5385 curn
558 5345 774 5401 nonnunquam
797 5330 871 5402 (242)
897 5329 1010 5386 intelli·
1063 5333 1207 5404 poteratis
1221 5333 1252 5388 in
1267 5331 1357 5388 aliam
1379 5347 1538 5404 personam
1559 5329 1698 5386 idoneam
1721 5330 1892 5396 convenire,

179 5423 263 5490 gatar
275 5419 457 5491 prohibitum
474 5417 553 5488 quod
574 5435 633 5474 non
659 5419 809 5474 invenitur
835 5435 1007 5490 expressum
1062 5421 1293 5494 dispensationis
1303 5421 1428 5495 gratiam
1438 5417 1643 5492 requirebant,
1657 5435 1691 5476 eo
1707 5418 1743 5476 de
1759 5417 1893 5491 plenitu-

217 5559 290 5628 (241)
305 5561 375 5617 vide
389 5575 479 5632 supra
494 5560 581 5685 epist.
597 5563 660 5615 atr.

1097 5565 1170 5637 (itt)
1185 5563 1257 5619 Vide
1273 5579 1362 5636 supra
1378 5563 1463 5636 epist.
1481 5566 1541 5620 tlt.

217 5631 289 5700 (242)
305 5632 337 5686 ln
349 5633 446 5687 Tertia
460 5629 511 5687 Col
526 5636 581 5686 ect.
595 5647 746 5703 nunquam.
