3918 6014
818 193 1019 251 INNOGENTII
1037 193 1076 248 ttt
1097 193 1198 248 PAPAE

154 323 241 393 tuerit
269 323 398 394 optusus,
423 338 479 378 ιιι
501 324 594 378 statim
608 321 759 394 reoffendat
773 321 916 382 eremum:
932 319 977 376 sed
991 322 1021 388 A
1035 319 1119 375 etiam
1131 318 1286 390 ciuitatum,
1299 317 1439 390 recipiam
1457 314 1589 371 hilariter
1602 317 1628 370 et
1644 311 1794 384 cracantes
1808 311 1858 368 ob·

156 412 239 483 apud
253 411 400 479 mapistros
427 415 583 483 capitaneos
611 412 750 482 pstcrelam
777 410 905 483 deponat,
933 408 982 480 qui
1032 409 1157 479 servetis,
1171 412 1255 478 prout
1266 411 1324 479 ipso
1339 407 1476 464 ordinatio
1487 403 1516 460 in
1532 402 1688 474 capitulari
1701 401 1860 458 continetur

155 516 219 556 eam
234 499 383 556 secundum
397 501 536 556 rationem
555 504 583 555 et
605 501 832 558 consuetudinem
846 499 926 568 repni
939 503 982 570 (ιι-
1033 497 1266 567 representans
1290 501 1386 552 nostro
1412 496 1530 560 munito,
1546 490 1686 560 menistris
1707 490 1863 562 capitaneis

155 590 233 646 ciam
246 588 399 644 emendari.
416 587 474 659 <tsi
487 592 581 644 autem
595 589 800 646 ordinationem
814 590 896 645 islam
912 586 983 645 reci·
1034 585 1180 642 humililer
1195 585 1376 655 intendentes,
1391 586 1441 656 qui
1454 583 1489 639 ad
1507 581 1709 640 exsecutionem
1724 578 1812 652 ipsius
1827 579 1863 634 de

156 692 224 748 pere
238 678 359 733 noluerit
373 681 423 732 out
444 692 568 745 tavare,
598 685 729 750 tanquam
757 677 842 734 ltostis
855 678 983 750 publicus
1034 675 1163 732 mandato
1177 678 1268 731 nostro
1283 676 1391 747 luerint
1411 673 1569 734 constituti,-
1593 686 1629 726 ne
1642 669 1676 724 si·
1689 672 1770 741 (ιιιι,
1786 669 1864 741 quod

158 766 300 834 iubeatur,
324 774 351 821 et
365 783 383 821 a
397 767 501 822 caeteris
528 767 717 838 impupnetur.
734 768 851 824 umenti
877 766 981 823 mititte
1035 763 1128 819 absit!
1155 765 1298 835 quisquam
1320 769 1500 834 presumeret
1520 761 1669 831 reseruari,
1691 773 1803 830 punam
1827 756 1862 812 in

158 854 323 923 diripentur
345 853 376 908 ia
389 871 551 910 succursum
577 863 602 912 et
616 855 787 928 adjutorium
801 855 881 926 rapai
895 872 981 928 usquc
1036 854 1097 926 ipso
1113 852 1285 909 ordinatione
1298 855 1430 907 statutam
1446 850 1582 922 incurrat,
1596 852 1621 906 et
1635 863 1684 905 nos
1698 864 1798 903 ananus
1812 861 1864 902 no·

158 943 194 1000 otl
216 941 351 998 Kalendae
380 942 554 1015 Septembris,
578 946 726 1000 moraturi
748 961 798 1017 per
820 962 926 1000 annum
953 944 985 1000 in
1035 951 1106 997 stras
1120 939 1863 1011 iucumspiritualiterettemporaliterapprooemus.

159 1031 409 1102 expensis-eorum
423 1048 441 1087 a
455 1032 556 1104 quibus
584 1033 690 1103 tuerint
714 1032 854 1090 destinati.
884 1034 986 1090 Distri-
1038 1031 1195 1098 Quiaoero,
1209 1039 1320 1103 proptor
1333 1032 1468 1100 [crearem
1490 1025 1867 1096 catalaunensem

159 1120 287 1178 tasneto
309 1129 405 1176 autem
428 1121 580 1177 secundum
601 1123 802 1178 aestimatorum
825 1123 985 1192 arbitrium,
1036 1136 1179 1192 possumus
1193 1117 1380 1188 personaliter
1393 1117 1554 1174 descendere
1575 1118 1604 1171 in
1626 1113 1764 1184 Apuliam,
1789 1115 1868 1168 uices

160 1212 210 1282 qui
223 1209 259 1265 od
280 1209 329 1282 bac
349 1211 458 1278 luerim
471 1210 630 1282 specialiter
643 1210 778 1282 deputati,
796 1211 922 1282 pensatis
935 1213 987 1268 tte·
1037 1217 1155 1278 nostras,
1170 1225 1252 1280 super
1270 1207 1326 1264 biis
1346 1205 1543 1264 committimus
1566 1203 1749 1276 exsequendas
1763 1201 1868 1258 dilecto

161 1297 225 1354 bitis
239 1297 363 1354 seruitiis
376 1306 401 1354 et
415 1299 540 1370 propriis
551 1298 735 1372 tacultotitus
750 1302 882 1356 comitum
896 1305 923 1356 et
938 1302 986 1356 ba·
1038 1298 1096 1368 filio
1115 1300 1217 1367 nostro,
1242 1296 1272 1354 G.
1298 1297 1391 1353 Sancti
1415 1295 1546 1353 Theodori
1571 1292 1686 1350 diceano
1709 1291 1866 1357 cardinali,

160 1403 272 1453 ronam,
294 1401 326 1441 cc
347 1385 433 1442 ctiam
454 1387 618 1454 ciuitatum
646 1390 753 1459 proviso
776 1389 871 1459 etiam,
892 1394 925 1443 at
948 1390 985 1444 od
1038 1387 1281 1460 apostolicaesedis
1305 1387 1393 1458 tcpato
1416 1386 1484 1461 (89),
1499 1386 1545 1442 cui
1558 1384 1688 1440 dilectum
1710 1382 1813 1452 filium,
1830 1380 1866 1436 0.

161 1491 230 1548 opus
252 1491 347 1532 corum
375 1475 510 1532 victualia
536 1476 707 1548 diripentur.
737 1478 984 1550 civitatensem,
1039 1477 1194 1548 analyticum
1221 1478 1389 1544 postrema
1417 1475 1505 1530 latere
1526 1478 1622 1530 nostro
1650 1473 1865 1538 transmissum,

161 1565 272 1621 comites
300 1573 325 1621 et
349 1565 465 1620 barones
493 1568 633 1636 ossipnent
660 1568 690 1622 in
715 1569 835 1638 propriis
863 1570 989 1639 expensis
1039 1566 1172 1621 laninas
1187 1565 1404 1636 capescendam.

162 1657 270 1710 certam·
289 1669 438 1710 numerum
467 1654 887 1726 bellamrumadprudtctorum
910 1658 1027 1750 capi-B
1078 1657 1147 1712 xtl.
1177 1656 1249 1712 Licet
1278 1655 1325 1712 bic
1352 1655 1428 1710 circa
1462 1667 1626 1724 processum
1661 1649 1865 1722 temporalium

162 1746 312 1800 laneorum
326 1741 499 1811 mandatum,
510 1745 536 1800 si
549 1743 658 1815 artando
671 1760 772 1816 puerra
785 1753 881 1801 contra
896 1761 986 1817 quem·
1041 1743 1184 1802 actionum
1198 1743 1284 1814 ligere
1298 1757 1435 1814 gressum,
1452 1750 1492 1813 ut,
1507 1743 1541 1797 ad
1559 1741 1730 1812 principium
1747 1754 1867 1812 promo·

162 1847 246 1904 quant
258 1837 374 1902 propter
387 1832 436 1887 ιιιι
447 1832 537 1904 tuerit
560 1832 721 1889 exercenda.
737 1835 768 1889 la
795 1834 923 1891 omnibus
936 1851 988 1890 au·
1042 1829 1867 1904 tionisbujusmedipraeclarissimipontificisrecurrentos,

154 212 240 252 uxxtx
1783 200 1857 241 Lm

164 1924 216 1975 tem
231 1918 352 1974 emacuit
361 1919 416 1975 siti
424 1921 585 1986 plenariam
594 1924 757 1992 potestatem
768 1921 886 1978 mdendi
897 1927 924 1977 et
933 1925 989 1978 mi·

74 2026 78 2034 “
163 2007 283 2078 numdi,
299 2009 426 2064 mutandi
439 2013 466 2065 et
480 2009 650 2078 declarandi,
675 2020 757 2082 prout
779 2010 882 2068 uiderit
906 2027 988 2084 eape-

165 2096 235 2154 dirt.
254 2119 269 2148 ιι

1042 1921 1203 1992 spirituales
1218 1922 1271 1992 (90)
1288 1927 1368 1977 actus
1383 1919 1497 1976 interim
1513 1932 1727 1991 persequamur.

1080 2010 1159 2065 Inter
1184 2024 1284 2064 omnes
1312 2009 1406 2080 itaque
1426 2014 1529 2077 pestes,
1557 2004 1656 2061 babuit
1680 2003 1868 2060 venalitatem

1043 2114 1167 2166 exosam,
1193 2097 1330 2168 cogitans,
1352 2095 1472 2167 qualiter
1495 2109 1557 2152 eam
1581 2099 1678 2166 posset
1701 2109 1717 2148 ι
1739 2092 1870 2150 Romana

202 2185 324 2257 Scripsit
338 2189 436 2242 autem
454 2203 543 2258 super
566 2187 621 2243 boe
636 2187 802 2256 comitibus,
818 2189 989 2259 baronibus,
1043 2185 1348 2256 Ecclesiaexetitpare.
1374 2185 1473 2241 Statim
1498 2199 1564 2255 ergo
1588 2183 1654 2238 lacit
1677 2182 1813 2251 edictum,
1836 2190 1870 2236 ut

166 2278 196 2330 ιι
210 2275 320 2330 caeteris
337 2275 418 2346 regni
435 2275 582 2346 fidelibus,
599 2275 629 2332 in
646 2276 725 2332 buna
740 2278 860 2333 modum
877 2296 883 2334 :
1043 2274 1142 2333 nuilus
1169 2274 1336 2331 officialium
1365 2274 1450 2330 curie
1475 2287 1533 2328 sues
1559 2271 1714 2342 quidquam
1730 2271 1866 2341 exigeret,

202 2362 259 2434 (88)
274 2363 406 2436 spectant
421 2363 579 2420 dilectionis
599 2373 625 2421 et
639 2367 749 2437 prutiae,
764 2383 844 2438 quens
858 2366 991 2424 babemus
1044 2374 1145 2438 prsetcr
1157 2365 1233 2421 solos
1248 2363 1400 2434 scriptores
1413 2372 1439 2420 ιι
1455 2361 1592 2420 bullarios
1606 2362 1673 2434 (91),
1696 2360 1799 2432 quibus
1823 2368 1870 2414 ta-

166 2449 202 2506 ad
217 2455 342 2522 repenset
351 2469 469 2523 repnum
479 2453 595 2522 Sicilire,
607 2454 671 2509 licet
684 2454 715 2510 in
724 2456 821 2511 multis
831 2457 992 2514 multotiens
1044 2457 1233 2511 mensorium
1259 2455 1374 2509 modum
1395 2451 1526 2524 praetlxit,
1551 2450 1678 2506 districte
1701 2448 1870 2520 precipiens

166 2539 376 2606 ostenderimus,
396 2557 472 2596 nurrc
500 2551 592 2598 tamen
612 2542 768 2600 caiderstiut
782 2547 808 2600 ιι
835 2546 992 2617 conpressius
1031 2546 1075 2600 'ut
1090 2543 1196 2607 siusuli
1210 2557 1292 2598 suum
1317 2543 1444 2598 oideium
1473 2539 1562 2608 gratis
1585 2538 1797 2614 impenderent,
1823 2552 1869 2594 re·

163 2628 354 2700 pestilentum
377 2628 711 2698 operisdemoastromus.
737 2649 800 2688 cum.
820 2637 930 2706 propter
944 2651 992 2690 ne-
1044 2635 1152 2704 cepturi
1177 2639 1331 2704 gratanter,
1355 2632 1379 2686 si
1403 2631 1470 2700 qnid
1494 2632 1536 2686 eis
1556 2629 1677 2700 gratuito
1701 2627 1865 2684 donaretur.

166 2718 320 2773 cessitatem
329 2723 470 2789 urpentem
485 2719 644 2788 inrepnum
653 2720 843 2792 personaliter
853 2723 992 2780 descendi·
1045 2721 1122 2778 Fecit
1138 2721 1223 2792 ipitttr
1238 2721 1370 2776 ostiarios
1385 2737 1402 2774 a
1416 2720 1591 2774 notariorum
1607 2715 1728 2784 cameris
1743 2715 1869 2772 amoveri

167 2821 240 2874 mus,
256 2808 364 2864 ceteris
378 2807 477 2862 mundi
491 2809 608 2878 nescitis
622 2825 659 2864 ιι
672 2825 773 2880 acapna
791 2821 872 2882 parte
882 2821 992 2884 postpo-
1046 2815 1077 2866 ul
1092 2811 1179 2866 libere
1193 2811 1227 2865 at
1244 2826 1292 2865 eos
1308 2815 1414 2880 pateret
1428 2823 1571 2864 accessus.

167 2896 239 2960 sitis,
255 2897 369 2965 propter
383 2902 434 2952 ιιι
447 2913 545 2966 unum,
557 2901 590 2952 ut
603 2897 633 2952 iu
646 2900 704 2969 ipsa
722 2897 848 2955 uidelicet
858 2916 954 2972 pacem
968 2906 994 2956 et
1081 2899 1147 2954 brat
1161 2907 1253 2953 autem
1281 2897 1354 2952 inira
1379 2911 1491 2952 sacrum
1520 2895 1709 2951 Lateronense
1733 2892 1869 2964 palatium

163 2983 304 3058 justitiam
318 2986 511 3054 reformemus.
528 2987 632 3041 Bonum
648 3003 714 3056 erpo
727 3003 777 3058 per
800 2989 849 3044 Dei
870 2991 993 3058 pretinm
1045 2989 1075 3044 in
1091 2988 1223 3055 transitu,
1235 2986 1316 3056 juxta
1330 2985 1482 3041 cisternam
1499 2984 1639 3054 coquina,
1665 2981 1872 3040 nummulario·

166 3073 287 3128 assecuti
300 3074 424 3140 initium,
447 3089 622 3146 propressum
645 3075 814 3131 intendimus
826 3081 919 3148 tacere
933 3095 992 3134 me-
1007 3046 1032 3112 G
1048 3092 1111 3131 ram
1126 3075 1182 3146 (92)
1199 3091 1297 3130 mensa
1312 3073 1413 3142 locata,
1428 3087 1614 3144 superquam
1638 3071 1764 3143 quotidie
1778 3088 1869 3140 pono-

169 3161 277 3232 liorem,
302 3164 332 3217 ut
342 3161 408 3232 finis
422 3163 540 3222 antimus
555 3163 744 3235 subsequatur.
766 3166 930 3236 Quodcirca,
944 3168 992 3223 dc·
1048 3163 1150 3220 bantur
1167 3180 1235 3219 vasa
1259 3179 1343 3219 aurea
1358 3170 1385 3218 ct
1400 3169 1543 3234 argentea,
1559 3168 1737 3218 monetarum
1750 3159 1870 3215 diversi·

168 3251 302 3308 actionem
322 3258 440 3308 oestrum
467 3267 617 3318 monarcus,
641 3261 666 3309 ιι
693 3255 873 3310 eulsortamur
893 3257 922 3310 in
943 3257 993 3312 lto·
1046 3256 1100 3320 ιιι,
1118 3251 1278 3323 multusque
1294 3251 1442 3307 thesaurus
1465 3250 1500 3306 ad
1524 3249 1705 3306 sentiendum
1726 3247 1768 3304 rel
1790 3263 1869 3304 cam-

168 3340 257 3407 mino,
282 3353 334 3405 per
347 3339 494 3410 apostolico
517 3340 596 3395 nobis
608 3342 710 3412 scripta
724 3342 895 3413 mandantes,
920 3359 992 3415 qua·
1047 3341 1201 3410 bisndum3
1217 3355 1303 3410 quam
1320 3341 1394 3397 idem
1411 3339 1615 3395 solertissimus
1633 3338 1772 3406 pontifex,
1788 3335 1870 3394 illius

168 3435 259 3494 tenus,
275 3429 346 3482 sicul
374 3427 510 3494 divinam,
525 3436 551 3485 st
566 3429 744 3500 apostoticam
758 3446 790 3486 ac
814 3433 993 3503 replampra·
1046 3431 1106 3487 nelo
1127 3445 1281 3487 succensus
1305 3431 1354 3501 qui
1379 3443 1491 3484 mensas
1515 3426 1774 3484 nummulariorum
1799 3427 1869 3482 sub-

167 3517 237 3572 tiom
260 3515 375 3572 cisaram
389 3516 515 3584 latetis;
540 3517 755 3587 ordinationem,
770 3535 853 3592 quam
876 3521 993 3591 (ιιιιιιι
1046 3519 1139 3591 ιιιιιι,
1156 3520 1191 3576 de
1204 3526 1260 3575 toto
1276 3517 1381 3590 palatio
1395 3517 1462 3574 iecit
1476 3517 1588 3588 penitus
1603 3515 1737 3571 amoveri.

167 3607 336 3676 superreptt
350 3605 489 3678 adjutorio
504 3615 530 3662 ιι
543 3623 682 3676 sumursu,
698 3609 859 3679 defensione
879 3627 914 3666 aa
926 3627 993 3682 pace
1081 3609 1136 3664 'let
1157 3609 1188 3665 in
1214 3607 1390 3664 bebdomada
1416 3603 1544 3663 solemne
1567 3603 1870 3674 consistorium,quod

168 3692 261 3763 repni,
277 3694 314 3749 ad
327 3695 470 3766 cnemplar
483 3697 604 3752 aliorum
615 3699 747 3753 comitum
761 3706 787 3754 et
802 3699 945 3769 baronum,
961 3716 994 3756 ac
1047 3695 1078 3753 in
1092 3697 1310 3754 desuetudinem
1323 3697 1383 3766 jam
1398 3695 1560 3764 devenerat,
1577 3692 1690 3764 publice
1710 3690 1875 3750 celebrabat

206 3923 290 3976 Αιιο
306 3921 385 3989 1210,
401 3921 477 3978 idem
502 3921 658 3978 {liebertus
681 3922 715 3979 de
738 3925 852 3998 Aquita,
877 3927 992 3985 Funda—
1046 3926 1205 3998 detquila,
1221 3941 1285 3982 cam
1304 3925 1494 3982 exercitasse
1515 3923 1544 3981 in
1566 3922 1709 3980 territorio
1731 3925 1869 3981 ceccano.

172 4005 346 4057 nascamus,
363 3993 993 4062 credertcoirnperstorteatetamaaceoenti
1046 3999 1200 4054 devastatit
1216 4001 1336 4122 segetes,
1361 4001 1477 4054 sicas..
1504 3993 1569 4051 Alio
1594 3995 1640 4051 dia
1662 3996 1747 4066 coepit
1768 3995 1871 4052 resecti

172 4062 284 4118 obviam
300 4064 333 4118 iit
346 4064 437 4134 (juxta
462 4067 593 4121 eumdem
618 4073 776 4133 auctorem,
802 4067 863 4124 loco
885 4070 991 4143 citato),
1046 4069 1186 4134 Fundam,
1202 4072 1231 4123 et
1265 4070 1379 4124 ominus
1393 4069 1520 4124 ioannes
1535 4069 1570 4122 de
1585 4065 1869 4123 Caecauoinsecutus

171 4133 277 4189 Verum
291 4149 368 4190 anno
383 4135 461 4202 1214,
477 4135 621 4191 abeodem
636 4147 750 4194 auctore
766 4140 896 4213 licerit.)
919 4142 991 4198 Fun·
1046 4149 1089 4198 eat
1119 4155 1203 4206 eum;
1229 4141 1339 4196 invenit
1361 4155 1425 4196 eum
1449 4139 1478 4194 in
1504 4137 1645 4194 territorio
1669 4136 1755 4192 castri
1778 4137 1868 4194 Vallis

169 4211 262 4266 danus
277 4221 381 4272 comes,
399 4222 455 4262 non
472 4207 621 4264 lticbardus
637 4209 686 4264 aad
700 4212 831 4280 llopcrius
845 4212 878 4267 de
891 4213 993 4284 Aquila
1046 4215 1157 4279 Versae,
1174 4211 1317 4280 praevaluit
1333 4225 1417 4281 snper
1431 4225 1507 4280 essm,
1524 4209 1636 4280 lagatus
1655 4213 1699 4264 est
1714 4224 1820 4272 comcs,
1841 4215 1869 4266 et

172 4280 276 4338 dicitur
293 4293 299 4332 :
317 4299 331 4328 a
352 4278 410 4334 Hoc
425 4294 501 4334 auno
517 4279 646 4349 liopcrius
661 4279 693 4337 dc
712 4281 822 4354 Aquila,
840 4286 993 4341 Fundanus
1047 4283 1180 4338 dominns
1196 4283 1318 4338 loannes
1337 4284 1414 4350 cepit
1437 4282 1474 4336 ιιι
1499 4281 1625 4337 exereitu
1651 4295 1702 4335 suo
1723 4279 1869 4336 liebertum

171 4363 266 4408 eomes
281 4350 355 4418 cepit
370 4356 490 4405 castrttm
509 4350 635 4422 Matuta,
655 4358 681 4409 ot
696 4351 766 4408 illud
793 4354 875 4410 bonis
897 4357 991 4412 οιιιι-
1050 4354 1083 4410 de
1097 4355 1208 4425 Aquita,
1226 4359 1357 4422 patruum
1375 4353 1498 4417 comitis,
1522 4367 1585 4407 oum
1610 4351 1789 4424 septuaginta
1813 4351 1868 4407 mi·

172 4423 226 4480 bue
240 4421 380 4487 spoliarit.
408 4441 422 4469 n
449 4420 521 4477 Num
546 4423 630 4492 igitur
646 4428 709 4491 post
731 4440 838 4481 anuum
861 4427 938 4494 1210,
965 4435 992 4484 ιι
1008 4412 1034 4476 D
1051 4427 1147 4481 litibus
1162 4426 1270 4493 electis,
1286 4433 1310 4480 et
1327 4423 1391 4479 aliis
1406 4422 1569 4478 horninibus
1573 4459 1627 4479 .....
1646 4445 1656 4472 ι

172 4501 238 4550 anta
261 4507 370 4546 annum
397 4493 475 4557 test,
491 4492 600 4549 obierat
623 4493 774 4550 llicbardus
787 4497 823 4552 tte
837 4497 946 4568 Aquila,
963 4503 992 4554 ιι
1082 4497 1138 4566 (88)
1155 4495 1221 4550 virle
1235 4495 1382 4566 epistolam
1399 4495 1450 4549 130
1465 4494 1593 4563 ejusdcm
1610 4493 1684 4549 libri.

173 4566 226 4636 ipsi
243 4570 428 4628 successerat,
446 4565 521 4619 tilius
545 4564 638 4622 forsan
655 4567 727 4636 ejus,
744 4568 894 4639 lioperiust
912 4572 992 4625 Certe
1080 4568 1139 4637 (89)
1154 4566 1224 4622 Vide
1235 4578 1317 4622 notas
1331 4567 1366 4621 ad
1382 4564 1528 4636 epistelam
1545 4566 1597 4620 l20
1613 4565 1678 4619 libri
1697 4561 1776 4620 noni.

173 4635 264 4708 (jstxta
293 4642 423 4690 nastrum
448 4644 603 4704 stratorem,
632 4637 680 4692 loc.
708 4637 769 4708 cit.)
796 4640 928 4707 lioperitts
959 4640 992 4696 de
1081 4639 1139 4708 (90)
1155 4636 1332 4709 spirituales.
1353 4638 1398 4694 Sic
1422 4637 1497 4707 apud
1520 4635 1677 4702 baluzium,
1705 4645 1779 4690 reete
1803 4636 1868 4706 qui-

172 4706 282 4778 tquila,
309 4720 404 4760 cornea
429 4705 594 4778 Fundanus,
609 4725 655 4764 ιι.
674 4708 753 4775 tete,
773 4709 913 4767 treantes
938 4714 991 4767 im·
1045 4709 1121 4775 dem,
1139 4709 1261 4764 utnnbis
1276 4709 1394 4765 ridetur.
1421 4711 1453 4764 ln
1475 4707 1574 4765 codice
1588 4705 1784 4776 Vallicellsno,
1804 4722 1865 4780 spe-

172 4774 317 4850 perstatis,
334 4777 560 4848 Constanti-que
585 4780 678 4834 uxoris
701 4781 776 4851 ejus,
802 4782 831 4837 in
855 4783 991 4853 principis
1044 4779 1141 4836 cioles.

170 4847 362 4920 apostolorum
381 4847 507 4915 basilion,
524 4864 621 4906 mense
637 4850 799 4917 Novembri,
818 4853 847 4909 in
865 4854 935 4909 testo
959 4855 990 4910 B.
1084 4851 1139 4916 (01)
1155 4850 1303 4906 ltultnrios.
1321 4847 1369 4905 Sic
1393 4848 1423 4904 in
1447 4850 1546 4906 codice
1568 4847 1755 4904 vallicellana
1768 4865 1776 4916 ;
1791 4849 1867 4919 apud

171 4921 304 4985 Castae,
321 4919 496 4975 coronationi
512 4919 650 4988 interluit,
666 4937 731 4978 cum
746 4922 895 4980 nonnullis
911 4925 990 4982 lssro·
1046 4921 1204 4988 Balesium,
1233 4920 1391 4979 bellatores.
1409 4935 1459 4976 rot
1480 4922 1592 4990 quidem
1618 4919 1765 4986 inoounita
1789 4919 1868 4976 ieri-

171 4995 258 5050 nibus
282 4991 361 5057 teani
385 5005 537 5046 occurrens
560 4993 614 5060 ipsi
646 4992 823 5062 imperatori,
850 5003 876 5048 ut
903 4996 993 5065 ipius
1045 4995 1086 5050 cis
1112 4993 1240 5048 Baliarii
1255 5007 1320 5047 vero
1332 4994 1418 5047 cartae
1434 4992 1651 5052 Romanensem
1661 4991 1802 5046 bullarum
1817 5009 1865 5050 seu

171 5065 226 5120 sibl
254 5061 373 5134 gratiam
403 5071 597 5132 compararet,
628 5064 775 5135 eidemque
817 5066 896 5120 dedit
925 5065 993 5124 libs·
1045 5065 1232 5133 diplomatum
1251 5063 1618 5134 confectoresvtdcang.
1644 5059 1730 5118 Gloss.
1755 5067 1864 5132 tamt,

172 5136 269 5191 raliter
300 5133 459 5189 dextrarios
491 5147 562 5203 quas
592 5133 817 5206 babebat,auos
845 5139 991 5194 redeunti·
1045 5135 1196 5193 eol.13l8.

173 5205 227 5261 bus
241 5207 271 5262 in
295 5203 494 5260 Alatnanuiam
517 5203 703 5262 Tbeutonicis
727 5207 786 5276 ipse
810 5209 927 5280 largitus
950 5216 992 5267 est
1081 5208 1136 5278 (02)
1151 5206 1321 5272 llumularii,
1337 5205 1433 5261 Graes
1448 5197 1654 5278 ἀργυριμειὸιι,
1671 5195 1865 5272 cableiacensi,

176 5276 337 5346 imperator.
1046 5278 1133 5334 iidem
1157 5294 1190 5334 sc
1221 5292 1385 5349 campsores,
1414 5277 1462 5346 qui
1491 5279 1655 5332 nummulos
1681 5284 1709 5332 et
1738 5276 1865 5332 minutos

211 5347 249 5401 lla
278 5345 391 5416 Reperio
416 5345 523 5402 montio
546 5345 633 5403 etiam
659 5346 776 5404 babetur
798 5349 827 5404 in
852 5349 991 5407 Chronico
1045 5365 1179 5406 nummos
1194 5364 1243 5419 pro
1257 5349 1412 5420 maioribus
1426 5347 1534 5405 dabant
1561 5347 1596 5402 iis
1620 5347 1665 5418 qui
1683 5361 1799 5402 necesse
1819 5347 1865 5402 ira-

175 5413 616 5487 nossa-nerattcc.ctt.tproat
638 5417 697 5489 jam
721 5419 857 5485 diximus,
879 5423 912 5476 ad
938 5438 991 5477 an·
1046 5419 1146 5476 bebant
1176 5420 1294 5488 majores
1324 5419 1481 5476 minoribus
1499 5418 1532 5474 ad
1558 5433 1640 5475 usum
1664 5418 1863 5489 quotidianum

174 5499 244 5540 num
261 5485 345 5540 tute:
364 5506 378 5536 a
394 5487 473 5556 tuta,
484 5489 596 5546 decimo
608 5489 745 5546 liniendas
759 5490 849 5562 lanii,
863 5496 991 5562 tempora
1045 5499 1215 5564 permutare.
1232 5489 1296 5547 Vid.
1310 5496 1409 5561 caup,
1426 5488 1510 5546 Gloss.
1528 5497 1547 5546 t.
1565 5489 1609 5546 tv.
1626 5488 1681 5546 cul.
1699 5489 1778 5544 tute.

175 5555 285 5612 domini
298 5556 458 5614 innocentii
472 5576 551 5632 pape
572 5559 620 5629 ιιι,
637 5561 714 5620 venit
738 5576 833 5620 comes
858 5563 991 5634 dacerius
