3948 6070
79 316 133 370 885
580 315 833 373 PONTIFICATUS
853 315 949 373 ANNO
967 315 1017 373 111.
1038 314 1176 375 CHRISTI
1196 319 1274 374 1200.
1736 315 1789 370 886

77 445 139 508 tur,
162 437 204 494 sic
219 443 319 494 tamen
336 437 368 494 iu
382 438 469 495 lactis
492 439 585 511 ipsius
608 443 637 496 et
660 439 747 496 dictis
758 440 906 512 justitiam
920 445 951 510 A
968 443 1107 498 Romanas
1123 443 1261 498 Ecclesia
1274 443 1463 514 aliquatenus
1482 441 1598 497 obviare
1614 441 1789 497 credebatur

76 527 254 600 temperavit
268 526 431 596 urbanitas,
446 528 524 600 quod
535 533 565 584 et
579 529 666 602 regias
675 529 799 603 gratiam
814 528 907 585 bene·
960 547 976 586 a
991 532 1106 602 multis,
1123 537 1152 588 et
1168 533 1318 589 Gallicana
1341 532 1473 588 Ecclesia
1488 529 1623 586 adivinis
1637 529 1786 600 laudibus,

75 617 216 673 volentia
231 617 415 673 conservavit
428 615 677 674 etadelensione
697 617 842 674 libertatis
857 634 906 674 ec·
953 621 1088 692 'peccatis
1118 621 1313 696 exigentibus,
1337 627 1420 678 muta
1449 625 1522 690 erat,
1547 622 1578 675 in
1609 618 1726 690 quibus,
1754 625 1787 674 ut

77 705 254 762 olesiasticae
278 721 338 761 non
361 707 495 776 recessit,
520 707 580 763 imo
605 706 692 763 nobis
716 711 746 762 et
767 707 904 764 Ecclesiae
958 709 1047 782 plene
1062 711 1143 767 novit
1163 717 1260 768 vestra
1281 711 1454 784 paternitas,
1471 709 1603 766 devotius
1625 721 1787 764 consueve-

75 801 188 851 ncstrae
212 811 288 851 nova
303 795 392 851 etiam
411 795 576 876 privilegia,
592 812 657 868 quaa
681 810 835 869 nunquam
858 815 905 852 re·
958 804 1005 855 rat
1020 806 1049 856 et
1070 801 1242 873 praeclarius
1265 801 1444 874 personaret
1468 798 1688 866 Verumtamen,
1713 797 1784 852 licet

75 887 199 941 troactis
217 885 416 941 habueramus
435 886 630 958 temporibus,
647 886 813 957 acquisivit.
830 888 905 958 Ope·
959 889 1054 946 multa
1068 891 1246 964 malignatus
1263 893 1301 948 sit
1316 889 1454 946 inimicus
1470 890 1501 945 in
1526 891 1637 956 sancta,
1654 904 1714 943 non
1739 891 1784 942 est

75 980 163 1030 rante
187 973 336 1046 siquidem
360 973 520 1030 clementia
546 974 763 1047 Redemptoris,
779 992 845 1047 quae
868 975 903 1030 de
958 984 1058 1035 tamma
1083 983 1235 1036 attenuata
1260 997 1366 1037 manus
1392 979 1520 1047 Domini,
1536 983 1569 1034 ut
1593 976 1704 1033 salvare
1720 992 1780 1031 non

74 1079 181 1136 regum
197 1062 337 1119 cordibus
351 1080 404 1135 pro
421 1079 474 1119 sua
489 1063 639 1120 voluntate
655 1063 797 1136 disponit,
813 1064 904 1120 domi·
959 1068 1053 1141 possit
1067 1069 1189 1124 domum
1205 1085 1300 1138 suam,
1317 1069 1498 1124 Gallicanam
1522 1065 1658 1120 videlicet
1683 1063 1784 1119 Eccle-

74 1171 134 1209 nus
148 1169 211 1219 rex,
228 1157 370 1224 nuquam
391 1153 529 1224 princeps
544 1153 814 1210 christianissimus
829 1159 859 1209 et
873 1154 903 1209 in
959 1155 1044 1224 siam,
1061 1173 1150 1228 quam
1167 1157 1286 1230 proprio
1300 1159 1443 1230 sanguine
1457 1155 1622 1226 acquisivit,
1639 1169 1729 1225 quam
1754 1157 1783 1208 et

77 1243 268 1308 matrissuae,
285 1244 425 1299 Romanas
447 1243 596 1310 llcolesias,
613 1243 769 1298 devotione
793 1243 904 1314 persis-
958 1245 1079 1318 speciali
1103 1244 1196 1321 gratia
1221 1247 1253 1302 in
1278 1248 1339 1303 suis
1363 1245 1501 1303 laudibus
1525 1245 1685 1318 insignivit.
1708 1241 1782 1298 Urbs

76 1337 155 1400 tens,
171 1329 306 1405 ejusdem
319 1331 432 1386 domini
447 1331 536 1404 legati
551 1331 711 1397 mandatis,
722 1332 903 1387 exhortatio·
958 1327 1078 1406 quidem
1100 1335 1283 1391 fortitudinis
1306 1340 1415 1391 nostra)
1436 1337 1569 1390 llomana
1593 1338 1637 1388 est
1651 1331 1783 1386 Ecclesia

75 1421 167 1477 nibus
183 1425 212 1476 et
230 1420 470 1491 diffinitionibus,
487 1421 576 1493 supra
588 1437 671 1493 spem
687 1427 717 1477 et
731 1420 903 1493 opinionem
958 1429 988 1480 et
1001 1425 1115 1495 positus
1128 1425 1159 1479 in
1174 1441 1209 1481 ea
1225 1425 1449 1496 murusquisua
1462 1439 1517 1479 nos
1532 1421 1715 1495 protectione
1731 1420 1782 1476 de-

75 1510 377 1583 quamplurium,tam
393 1526 482 1582 super
495 1510 689 1566 restituendis
702 1510 792 1566 rebus
807 1509 902 1566 eccle·
956 1511 1062 1582 tendit,
1079 1518 1108 1568 et
1122 1511 1217 1568 multa
1242 1513 1328 1568 nobis
1350 1510 1614 1584 circumspectione
1639 1513 1781 1566 antemu-

73 1599 204 1656 siastiois
220 1603 250 1655 et
273 1598 451 1671 injuriarum
474 1599 675 1656 satisfactione
701 1616 791 1671 quam
815 1615 904 1670 super
957 1599 1019 1656 rale
1034 1601 1188 1658 constituit
1201 1600 1400 1658 venerabilem
1415 1604 1531 1674 patrem
1547 1605 1782 1671 nostrumapos·

71 1688 226 1747 amotione
252 1688 484 1760 superinducta,
500 1693 531 1743 et
550 1689 722 1762 receptione
737 1689 761 1744 l.
776 1687 903 1744 illustris
958 1689 1054 1745 tollore
1075 1690 1153 1746 sedis
1179 1689 1309 1764 legatum
1331 1689 1410 1746 sedis
1427 1689 1566 1764 legatum,
1592 1688 1780 1744 dominum...

71 1778 185 1850 regines
200 1778 390 1846 Francorum,
407 1777 900 1850 salubriteraaquievit.Snperee·
916 1821 942 1887 Β
958 1779 1134 1849 Ostiensem,
1152 1779 1212 1851 qui,
1244 1779 1274 1834 ln
1302 1779 1431 1835 novitate
1457 1778 1599 1834 adventus
1629 1778 1703 1850 ejus,
1720 1779 1781 1833 imo

72 1866 145 1924 dem
171 1867 273 1940 ragina
300 1883 360 1926 nou
390 1865 569 1926 dimittenda
594 1867 726 1939 prestito
754 1866 847 1939 prius,
863 1866 900 1924 ad
957 1869 1034 1924 Deus
1057 1885 1111 1940 per
1133 1869 1243 1942 ipsum,
1258 1864 1436 1924 mirabiliter
1460 1871 1543 1924 tanta
1567 1865 1648 1936 lecit,
1670 1871 1783 1938 quanta

75 1955 253 2014 mandatnm
278 1955 391 2013 domini
415 1956 514 2028 legati,
530 1957 561 2012 in
575 1957 653 2030 regis
675 1957 806 2014 animem
817 1957 902 2027 jura·
955 1970 1043 2029 posse
1060 1956 1124 2012 lieri
1135 1957 1181 2012 vix
1194 1956 1315 2014 credere
1328 1956 1655 2030 poteramasbominus
1671 1958 1782 2029 quippe

74 2049 179 2103 mento
195 2049 225 2101 ot
239 2045 318 2117 quod
333 2062 399 2104 eam
412 2045 552 2120 regaliter
566 2051 597 2102 et
609 2045 772 2105 honorilice
787 2051 902 2118 pertra-
955 2063 1007 2102 rex
1019 2058 1087 2102 eum
1097 2042 1412 2124 benignesuscepit,ea
1426 2047 1594 2102 reverentia
1608 2061 1667 2116 qua
1682 2045 1781 2101 decuit

73 2140 178 2194 claret.
195 2135 246 2192 llis
262 2135 408 2208 expeditis
423 2136 512 2208 igitur
535 2142 564 2193 et
578 2135 616 2191 ad
640 2135 786 2192 bonorem
800 2135 899 2190 Eccle·
954 2135 1065 2207 pariter
1080 2140 1109 2190 et
1129 2136 1255 2192 honore.
1270 2137 1335 2209 lpse
1359 2151 1427 2192 vcro
1453 2151 1554 2206 regem
1577 2135 1676 2190 statim
1700 2135 1780 2191 salu-

72 2224 127 2279 siaa
143 2223 369 2292 consummatis,
386 2223 494 2280 solutio
518 2223 676 2280 subsecuta
690 2227 736 2280 est
751 2221 900 2280 interdicti
953 2223 1058 2280 bribus
1072 2225 1194 2280 monitis
1209 2230 1254 2281 est
1269 2223 1544 2298 aggressus,quibus
1559 2225 1656 2298 ipsum
1671 2224 1716 2278 vel
1731 2239 1783 2279 au·

73 2312 156 2385 quod
171 2315 201 2370 in
218 2317 278 2368 tota
294 2319 373 2370 terra
387 2311 501 2370 domini
513 2313 590 2386 regis
604 2311 784 2384 generaliter
798 2328 900 2367 serva·
953 2329 1017 2368 rem
1040 2313 1128 2368 etiam
1154 2313 1228 2369 velle
1251 2311 1475 2369 accommodare
1504 2313 1692 2384 aliquatenus
1713 2329 1780 2385 spes

70 2401 171 2470 hatur,
188 2403 314 2460 excitata
327 2401 449 2458 uberius
464 2401 618 2458 devotione
634 2401 768 2458 lldelium
784 2399 820 2458 ad
831 2400 900 2456 lau·
954 2418 1015 2456 non
1028 2403 1174 2472 eiatsed,
1191 2403 1261 2474 quia
1275 2403 1371 2458 nescit
1386 2401 1470 2457 tarda
1484 2401 1640 2456 molimina
1655 2401 1779 2473 Spiritus

72 2491 128 2548 des
144 2497 173 2546 et
187 2490 338 2564 praeconia
362 2490 508 2548 Crantoris
530 2494 560 2544 et
573 2489 779 2551 universorum
798 2489 899 2545 cordi·
954 2491 1048 2546 sancti
1064 2493 1167 2561 gratia,
1191 2491 1255 2563 ipso
1272 2491 1313 2547 sio
1328 2491 1503 2563 inspirante,
1521 2489 1598 2545 sicut
1618 2489 1779 2559 credimus,

73 2581 131 2638 bue
156 2583 312 2650 serenatis,
328 2597 395 2650 quaa
419 2578 542 2635 diutinae
571 2578 782 2636 moestitudinis
803 2579 900 2636 nubes
954 2579 1005 2652 qni
1020 2579 1070 2634 ubi
1082 2581 1143 2636 vult
1159 2587 1188 2636 et
1203 2580 1322 2652 quando
1337 2579 1400 2637 vult
1423 2580 1526 2654 spirat,
1542 2580 1585 2636 sic
1605 2579 1779 2636 difficultate

73 2673 248 2730 obduxerat.
265 2671 402 2738 Quamvis
418 2675 518 2728 autem
531 2675 592 2726 tota
606 2669 785 2742 generaliter
799 2669 900 2726 Eccle·
954 2670 1055 2742 aliqua
1078 2670 1114 2726 de
1132 2670 1312 2727 damnorum
1327 2670 1514 2728 restitutione
1535 2675 1564 2726 ct
1579 2668 1779 2726 satisfactione

73 2762 120 2818 sie
136 2760 287 2818 Gallicane
301 2778 362 2818 non
376 2759 526 2818 immerito
541 2758 700 2818 benedicat
712 2759 900 2820 altissimum
953 2759 1132 2832 injuriarum
1147 2759 1287 2816 Ecclesiis
1302 2759 1408 2818 etviris
1425 2759 1779 2818 ecclesiasticislaoienda

76 2855 278 2928 vestramque,
295 2850 465 2908 beatissime
480 2851 578 2919 Pater,
595 2854 624 2904 et
637 2849 776 2906 Ecclesiae
789 2850 899 2916 liema-
953 2849 1024 2906 lecit
1036 2866 1104 2904 eum
1118 2867 1171 2906 rex
1192 2849 1447 2908 sufficientissima
1468 2851 1604 2906 cautione
1630 2867 1779 2906 securum.

74 2955 123 2996 noe
138 2939 333 3013 diligentiam,
358 2940 390 2996 in
413 2939 506 3012 ipsius
530 2938 671 2996 missione
696 2938 795 3012 legati,
819 2954 900 2994 com·
953 2939 1007 3005 Qui
1023 2943 1053 2994 et
1067 2939 1143 2999 bene
1168 2945 1263 3012 coepte
1283 2957 1345 2998 non
1368 2939 1519 3005 deserens,
1536 2939 1643 2996 debitis
1657 2955 1781 3012 persua-

71 3029 265 3086 mendatione
279 3029 424 3086 laudabili
438 3033 645 3102 prosequatur,
663 3028 714 3102 qui
730 3027 772 3084 sic
791 3029 899 3086 Roma·
954 3013 1090 3084 sionibus
1103 3045 1164 3084 uon
1187 3029 1313 3086 cessavit
1335 3030 1457 3098 instare,
1473 3034 1508 3084 ut
1520 3034 1550 3084 et
1571 3029 1717 3086 illustrem
1732 3046 1781 3086 re-

72 3134 145 3174 nam
162 3118 325 3176 Ecclesiam
336 3124 463 3176 matrem
479 3135 564 3176 suam
588 3117 735 3192 glorificat
758 3123 788 3173 et
801 3115 899 3174 extol·
954 3117 1053 3192 gisam
1067 3118 1098 3172 in
1113 3117 1192 3174 bona
1206 3119 1352 3192 reciperet
1366 3118 1516 3174 voluntate
1531 3122 1559 3173 et
1573 3117 1701 3174 maritali
1716 3135 1780 3190 per·

71 3206 117 3276 lit,
135 3213 244 3266 noslrae
274 3211 374 3266 tamen
393 3207 508 3265 devotio
535 3207 694 3274 servitutis,
721 3207 752 3266 ia
780 3192 937 3262 actioneG
956 3211 1096 3262 tractaret
1118 3207 1236 3276 aflectu,
1259 3211 1289 3263 et
1308 3205 1440 3262 debitum
1465 3206 1620 3280 conjugale
1642 3206 1778 3276 solveret,

71 3296 236 3369 gratiarum
251 3297 420 3369 specialiter
432 3313 463 3354 se
479 3301 571 3353 totam
587 3295 809 3369 ellandit,qu0d
822 3294 900 3368 apud

72 3384 212 3442 eumdem
226 3385 358 3458 legatum
378 3391 491 3440 tantam
516 3384 706 3442 dulcedinem
721 3388 751 3440 et
764 3383 901 3454 benigni-

73 3479 167 3532 tatem
181 3475 360 3543 invenimus,
376 3475 465 3547 quod,
481 3491 542 3530 non
567 3473 664 3530 solum
677 3488 836 3545 personam
850 3488 901 3528 no·

73 3566 178 3631 stram,
193 3580 294 3620 verum
311 3564 400 3621 etiam
416 3563 614 3620 Parisiensem
629 3562 792 3623 Ecclesiam
807 3561 902 3636 speci·

75 3651 116 3709 ali
141 3653 335 3726 praerogativa
358 3652 526 3708 dilectionis
550 3651 740 3724 amplectitur
764 3655 794 3706 et
816 3650 847 3709 iu
867 3666 902 3708 ea

74 3740 223 3798 libertatis
239 3748 268 3798 et
282 3741 404 3798 honoris
419 3741 588 3814 integritate
601 3743 806 3808 conservat,ut
819 3739 901 3796 vobis

957 3296 1129 3369 conjugium
1144 3295 1219 3351 illud
1229 3295 1388 3352 intendens
1403 3301 1546 3370 perpetua
1561 3312 1633 3368 pace
1650 3295 1778 3350 lirmare.

958 3385 1014 3441 Sed
1029 3386 1109 3456 quia,
1124 3391 1158 3440 ut
1180 3386 1298 3459 legitur,
1315 3385 1373 3440 nisi
1398 3386 1436 3441 sil
1451 3383 1530 3440 inlus
1552 3383 1602 3456 qui
1618 3384 1732 3452 doceat,
1749 3385 1779 3440 in

958 3489 1066 3530 vanum
1079 3473 1213 3530 docentis
1236 3474 1337 3546 lingua
1352 3474 1476 3546 laborat,
1493 3473 1621 3546 peccatis
1637 3473 1781 3546 exigenti-

959 3571 1024 3626 bus.
1041 3569 1148 3626 adhoc
1169 3571 1282 3644 regium
1307 3571 1441 3627 animum
1464 3570 1548 3626 nullo
1573 3569 1659 3624 modo
1687 3569 1781 3640 potuit

959 3657 1122 3728 inclinare,
1141 3657 1209 3716 lecit
1233 3663 1332 3716 tamma
1356 3657 1436 3731 quod
1461 3655 1573 3726 debuit,
1598 3657 1729 3730 injunxit
1752 3655 1779 3712 ei

957 3747 1131 3803 anctoritate
1146 3748 1319 3820 apostolica,
1336 3754 1365 3804 et
1378 3747 1519 3820 praecepit
1538 3747 1679 3804 severiter
1694 3751 1723 3803 et
1735 3746 1781 3802 di-

76 3834 106 3886 et
121 3831 178 3902 ipsi
194 3831 306 3904 totique
331 3835 527 3888 sacrosanctas
544 3831 683 3886 Romanae
699 3829 848 3896 ecclesia,
863 3827 899 3884 de

74 3919 187 3976 devotis
198 3920 361 3978 devotiores
372 3920 497 3976 existere
512 3920 838 3977 teneamur.Conservet
850 3935 900 3974 vos

73 4010 219 4066 Dominus
243 4009 381 4066 Ecclesia
405 4027 466 4069 suar
485 4027 591 4068 sanum
607 4016 636 4065 et
658 4009 851 4078 incolumem,
868 4007 899 4064 in

75 4102 211 4170 tempora
226 4098 369 4172 longiore,

414 4197 475 4252 xlv
494 4197 560 4262 (43).

958 3837 1069 3904 stricte,
1092 3841 1125 3892 ut
1148 3843 1289 3910 tanquam
1315 3853 1439 3893 uxorem
1465 3851 1530 3892 eam
1558 3835 1729 3892 admitteret
1751 3841 1782 3891 et

958 3929 1097 3982 tractaret
1110 3925 1274 3984 honorifice
1289 3931 1321 3983 ut
1334 3927 1477 4002 reginam,
1492 3943 1527 3982 ea
1541 3942 1630 3998 quam
1644 3925 1781 3998 superiu-

958 4012 1081 4072 duxerat
1105 4021 1186 4072 extra
1208 4017 1361 4090 propriam
1385 4021 1494 4073 terram
1515 4013 1653 4089 abjecta;
1675 4011 1782 4085 quibus

957 4103 1008 4160 ille
1029 4104 1177 4162 mandatis
1203 4112 1338 4162 metuens
1362 4105 1490 4173 obviare,
1505 4103 1575 4161 licet
1597 4103 1705 4158 invitus
1727 4120 1782 4159 nec

957 4195 1021 4251 sine
1037 4194 1138 4251 dolore
1154 4195 1258 4264 animi,
1274 4200 1307 4252 ut
1320 4195 1411 4251 lacios
1426 4194 1677 4264 indicabat,prout
1691 4192 1717 4246 ei
1733 4197 1781 4248 ta-

201 4299 320 4340 ulmeam
339 4301 460 4342 srrscorr
479 4301 682 4342 suessionensis
707 4285 773 4358 (lt).
957 4301 1026 4340 men
1042 4283 1154 4359 placuit
1169 4285 1219 4356 qui
1230 4289 1314 4340 vocat
1329 4302 1364 4340 ea
1378 4300 1444 4355 quaa
1459 4300 1520 4338 non
1537 4281 1674 4352 suut,qui
1690 4281 1783 4352 tangit

325 4375 360 4428 ilc
375 4375 466 4430 codem
480 4381 649 4444 ornamento.
957 4379 1073 4429 montes
1086 4381 1115 4430 et
1127 4375 1282 4448 fumigant,
1299 4373 1419 4428 tandem
1436 4371 1650 4445 patientissimo
1665 4369 1783 4440 acquie-

112 4459 302 4516 Sanctissimo
329 4463 405 4534 patri
430 4480 464 4520 ac
489 4465 610 4519 dominc
628 4463 799 4532 reverendo,
820 4463 898 4520 illei
956 4465 1006 4534 vit,
1023 4481 1054 4520 se
1075 4465 1223 4520 iacturum
1246 4463 1424 4538 promittens
1449 4461 1529 4532 quod
1543 4460 1780 4532 iueratimpera·

74 4549 169 4624 gratia
197 4556 305 4608 sanctae
335 4554 484 4610 [iomanes.
506 4553 565 4608 imo
594 4553 768 4610 universalis
796 4554 896 4610 Eccle·
913 4553 939 4619 D
957 4557 1030 4620 tum,
1047 4551 1077 4606 et
1096 4551 1325 4622 promissionem
1349 4549 1454 4620 ipsam,
1470 4565 1523 4620 per
1542 4546 1779 4604 unanimililum

77 4640 140 4706 siae,
158 4657 273 4696 summo
287 4641 432 4712 pontilici,
448 4643 479 4696 N.
495 4641 628 4713 ejusdem
644 4642 797 4713 patientia,
813 4642 901 4698 Sues·
957 4656 1088 4707 suorum,
1104 4640 1180 4695 sacto
1198 4639 1227 4695 in
1243 4639 1373 4695 animam
1388 4639 1465 4711 regis
1476 4638 1657 4710 juramenta,
1674 4637 1782 4692 contir-

77 4729 226 4786 sionensis
254 4729 392 4786 Ecclesia
422 4730 558 4786 minister
575 4729 850 4800 humilis,salutem
872 4733 902 4787 et
955 4745 1213 4796 mans3asserens
1242 4733 1341 4784 tamen
1366 4727 1422 4782 sibi
1450 4743 1467 4783 a
1495 4743 1610 4782 summo
1639 4725 1780 4800 pontifice

76 4824 138 4876 tam
153 4807 392 4894 paratam'quam
406 4819 537 4878 debitam
552 4819 584 4876 iu
600 4819 740 4876 omnibus
754 4820 899 4878 obedien·
955 4817 1013 4874 vim
1030 4817 1153 4886 inlerri;
1169 4817 1281 4890 regina,
1297 4817 1488 4886 econtrario,
1504 4815 1703 4888 vooepropria
1716 4832 1780 4871 ros-

76 4910 160 4966 tiam.
955 4907 1116 4979 pendente,
1132 4907 1191 4963 irno
1214 4905 1337 4971 avobis,
1352 4911 1437 4980 pater
1449 4911 1559 4971 sancte,
1575 4905 1640 4960 lieri
1652 4902 1778 4976 iustitias

116 5000 273 5058 Benedictus
296 5003 366 5056 Deus
381 5005 407 5058 et
420 4999 502 5056 Pater
516 5001 625 5058 Domini
643 5001 730 5056 nostri
743 5003 806 5057 Jesu
821 4997 902 5058 Chri-
955 4997 1217 5069 complementum.
1233 4995 1355 5063 Quibus,
1380 5011 1480 5051 coram
1495 4993 1581 5048 nobis
1604 4997 1633 5047 et
1647 4991 1778 5064 praelatis

77 5093 123 5158 sti,
139 5093 221 5146 Pater
242 5089 503 5156 misericordiarum,
519 5092 628 5146 ellicus
643 5091 901 5147 totiuscoasolatio·
954 5085 1099 5159 pluribus,
1125 5085 1243 5158 publice
1272 5091 1302 5140 et
1329 5084 1502 5140 solemniter
1529 5080 1708 5152 adimpletis,
1726 5095 1778 5134 rex

78 5182 131 5247 nis,
147 5183 196 5250 qui
210 5181 365 5236 consolatur
378 5196 426 5235 nos
440 5181 470 5235 ia
490 5182 564 5235 omni
587 5181 763 5236 tribulatione
786 5181 901 5236 nostra!
954 5175 1050 5231 audiri
1067 5192 1157 5248 super
1180 5173 1381 5242 matrimonio,
1397 5172 1454 5228 sibi
1466 5170 1590 5244 justitias
1615 5165 1778 5240 plenitudi-

78 5269 226 5339 Oquanta
250 5268 412 5337 tribulatio,
428 5273 513 5341 pater
536 5269 732 5338 sanctissime,
757 5285 811 5324 nos
832 5285 900 5340 pra·
955 5281 1024 5321 uem
1048 5263 1191 5332 exhiberi,
1208 5264 1288 5320 diem
1308 5265 1527 5334 competentem
1551 5255 1675 5330 praeeligi,
1691 5271 1709 5311 a
1723 5255 1777 5311 do-

77 5357 186 5427 mebat‚
217 5363 328 5430 quanta
356 5375 410 5414 nos
438 5357 562 5432 urgebat
586 5357 756 5426 adversitas,
780 5357 898 5430 quando
953 5355 1034 5409 mino
1050 5354 1145 5428 legato
1161 5351 1374 5408 instantissime
1389 5347 1555 5422 postulavit.
1572 5346 1665 5412 Quam
1679 5344 1705 5400 ei
1720 5362 1776 5418 pe-

77 5445 346 5504 christianissimus
370 5447 507 5520 princeps
523 5451 635 5514 noster,
650 5445 733 5502 vobis
748 5451 776 5502 et
790 5451 898 5504 sanctae
953 5444 1089 5501 titionem
1105 5459 1160 5499 nec
1173 5441 1265 5498 valuit
1278 5457 1332 5496 nec
1346 5438 1438 5494 voluit
1449 5437 1606 5508 denegare,
1621 5435 1776 5506 assignans

113 5569 314 5642 (inludens
337 5572 415 5644 apud
436 5569 621 5629 lia¹naldum
657 5585 705 5628 an.
732 5573 810 5632 1200.
825 5573 839 5640 g
855 5573 897 5627 ta.
952 5571 1062 5644 pantio.

79 5641 165 5700 Nulla
178 5642 209 5697 in
228 5645 408 5716 autographo
424 5649 453 5701 et
471 5590 607 5699 lrcbivio
623 5614 763 5698 ¹daticano
787 5642 899 5700 discre—
987 5642 1043 5715 (it)
1060 5643 1100 5698 lte
1116 5657 1150 5697 eo
1158 5641 1223 5712 jam
1238 5639 1349 5698 dictum
1365 5633 1491 5708 epistola
1504 5637 1547 5706 ll,
1563 5637 1626 5689 not.
