3952 6070
90 249 93 254 '
168 233 242 300 lose
653 241 856 305 innocuum
874 241 913 299 111
932 241 986 299 PP·
1008 240 1242 314 REGESTORUM
1261 250 1328 315 uu.
1349 251 1381 314 V·
1806 256 1880 310 1030
1964 249 1965 283 i

482 368 579 424 van
593 367 678 444 (233).
1004 366 1034 432 Α
1084 369 1222 444 Scriptum
1238 381 1367 452 estsuper
1385 377 1435 432 icoc
1462 379 1632 438 Tnnraaeusr
1660 378 1735 450 (215)
1758 395 1880 436 ancara-

203 483 361 530 submissa:
381 465 455 539 (234)
474 483 507 528 ῃ
529 482 694 522 pommus
712 479 957 522 nonmmsmus,
1048 472 1161 515 r1sc0ro
1177 465 1206 516 ei
1219 479 1351 520 urtscoro
1375 467 1510 522 TUthllh'Sl
1533 467 1607 540 (236)
1626 467 1829 542 praeclplelldo
1845 473 1881 523 ui

483 559 520 611 D,
536 557 629 618 ,apem
643 572 682 611 ,8,
1048 544 1153 618 siquis
1167 549 1349 610 abbatissam
1364 559 1394 612 et
1403 555 1548 616 moniales
1559 555 1639 629 ipsas
1650 561 1753 614 contra
1763 555 1878 612 inhibi-

400 655 560 726 (Laterani,
572 672 599 710 n,
614 653 646 709 Id
661 653 763 726 lunii.)
1048 633 1160 692 tionem
1178 641 1350 711 praedictam
1375 643 1534 705 molestare
1557 645 1791 717 presumpserit,
1817 646 1877 717 ipsi

1048 730 1311 800 presumptionem
1327 733 1430 810 ipsius,
1448 733 1610 790 monitione
1631 735 1795 811 praemissa,
1820 751 1879 807 per

1048 820 1878 906 censuramecclesiusticam,eppelletioneremota,com·

1047 906 1187 974 pescatis.
1198 907 1281 974 Quod
1295 911 1318 967 si
1333 929 1392 968 non
1409 913 1507 992 ambo,
1522 918 1589 983 ete„
1605 913 1681 970 alter
1695 919 1837 970 restrum.

1084 993 1200 1066 Datum,
1216 1006 1247 1054 ut
1261 1016 1356 1072 supra,

204 776 364 830 Occurrere
378 771 466 828 dehet
477 771 640 844 apostolica
653 770 739 833 sedes
750 768 994 842 presumptioni-

167 857 995 936 busmalignorumeteorumexoeseuspastoralisollici·

168 955 271 1010 tudine
291 953 441 1008 cohibere.
457 953 544 1020 Sane,
561 952 598 1008 ad
612 950 797 1010 audientiam
811 948 994 1022 apostolatus

166 1044 263 1100 nostri
273 1041 510 1114 pervenit,qund,
520 1057 588 1098 eum
595 1041 809 1098 monasterium
818 1043 947 1094 vestrum
958 1036 994 1092 ad

168 1132 332 1188 Ecclesiam
343 1133 507 1188 Romanam
518 1130 601 1187 nullo
612 1131 760 1202 pertineat
769 1127 996 1194 medicamen·
1207 1179 1306 1223 mmm
1326 1095 1533 1222 musfflffigl
1553 1180 1701 1221 mmm

155 1221 222 1278 rici
236 1221 411 1293 quipervos
426 1219 624 1276 eeclesiosrel
639 1217 996 1276 ecclesiasticaheneilcia
1049 1227 1235 1303 illiusquam
1253 1238 1286 1292 de
1305 1237 1347 1292 ees
1370 1251 1435 1308 (μη
1458 1243 1549 1307 eperat
1568 1206 1874 1306 anemos'speseepnm

169 1317 239 1368 sunt
251 1311 360 1382 adepti,
372 1312 404 1366 in
415 1312 457 1366 eis
468 1311 545 1366 illios
557 1311 604 1366 vel
616 1316 739 1383 nepotes
751 1325 820 1366 suos
831 1309 915 1380 quasi
926 1324 995 1364 auc·
1348 1311 1569 1368 lemovicensem.

169 1401 313 1458 cessionis
324 1402 393 1472 jure
409 1400 603 1470 substituunt,
619 1406 649 1455 et
672 1399 843 1456 haereditate
858 1399 996 1456 nituntur
1085 1397 1202 1458 Utinam
1217 1400 1345 1471 gemitus
1358 1403 1387 1453 et
1397 1397 1516 1454 dolores
1530 1398 1693 1470 prudenter
1703 1396 1876 1454 attenderes

169 1490 221 1544 Dei
233 1489 435 1546 sanctuarium
446 1489 608 1561 possidere.
622 1491 745 1548 Faciunt
754 1488 835 1546 enirn
846 1502 947 1546 secum
958 1487 993 1546 ii-
1048 1503 1123 1558 quoe
1133 1487 1219 1542 nohis
1230 1488 1261 1542 in
1272 1488 1471 1544 llocloelorum
1482 1486 1725 1560 oppressionibus
1735 1491 1765 1541 et
1778 1485 1875 1542 cillic-

168 1578 226 1633 lioe
235 1577 280 1632 vel
291 1583 415 1650 nepotes
425 1595 495 1633 suos
510 1579 546 1634 dc
556 1578 711 1640 beneflciis
724 1595 790 1650 qua
801 1575 994 1649 possidentia
1047 1575 1178 1632 tionibus
1189 1577 1365 1632 clericorum
1375 1576 1676 1649 hequenteriniiigis!
1688 1576 1807 1632 Utinam
1813 1575 1877 1631 cel-

169 1667 297 1725 solidum
308 1668 492 1734 investiri,nt
506 1669 548 1724 sic
561 1673 684 1739 uterque
696 1666 939 1739 possideatqnaei
949 1669 991 1724 to·
1049 1667 1147 1723 sitndo
1162 1667 1271 1740 regalis
1286 1668 1451 1724 anxietates
1470 1667 1561 1723 animi
1583 1667 1678 1728 nostri
1700 1665 1875 1738 respiceret,

168 1762 243 1824 tum,
255 1757 367 1828 quodsi
378 1757 454 1813 alter
463 1757 634 1824 decesserit,
650 1757 783 1828 reliquus
798 1756 829 1812 in
844 1755 933 1826 plena
948 1754 991 1812 in·
1008 1727 1034 1792 Β
1049 1757 1157 1828 quibus
1172 1758 1332 1830 uitligimur
1343 1759 1535 1814 vehementer
1546 1773 1613 1814 cum
1628 1773 1682 1829 per
1696 1772 1761 1814 eam
1773 1755 1878 1827 coepi·

167 1847 304 1918 tegritate
315 1849 477 1914 remaneat,
495 1863 550 1902 nec
565 1846 690 1914 socium,
707 1845 765 1902 niel
781 1860 870 1915 quem
892 1843 993 1902 taliter
1048 1861 1153 1917 scopos
1164 1853 1280 1902 nostros
1293 1847 1431 1906 audimus
1449 1847 1646 1906 inreverenter
1659 1844 1782 1914 otiandi,
1799 1851 1830 1900 et
1845 1846 1877 1902 iu

166 1934 268 1991 forsan
278 1935 616 2007 praesentarit,admittat
626 1951 634 2000 ι
645 1933 747 2005 sicque
758 1931 991 2006 contingitquod
1048 1934 1239 2006 opprobrium
1253 1940 1389 1994 nostrum
1400 1951 1434 1994 ao
1445 1935 1575 1992 divinam
1590 1935 1730 2007 injuriam
1745 1935 1877 2008 ignomi-

167 2023 318 2079 interdum
327 2024 410 2095 pueri
421 2025 466 2078 vix
475 2025 696 2096 quinquennes,
706 2022 806 2079 idiotes
817 2039 946 2094 quoque,
957 2039 992 2078 ac
1047 2025 1132 2079 nloee
1142 2024 1262 2080 tractari
1274 2024 1280 2080 l
1294 2026 1470 2097 Accepimus
1481 2026 1560 2084 euim
1572 2024 1652 2096 qnod
1663 2029 1694 2080 tu
1705 2023 1879 2095 villaepos·

166 2112 344 2169 discretione
353 2119 498 2181 carentes,
512 2114 542 2167 in
554 2112 692 2168 Eoclcslis
703 2112 839 2168 obtinent
849 2128 993 2183 persona·
1048 2114 1777 2187 sessiones,etallabensvenerahilisiratrisnostri
1788 2113 1877 2184 (253),
1964 2177 1965 2204 (

166 2208 239 2258 tum.
253 2203 280 2256 ei
292 2209 390 2258 autem
404 2202 512 2274 aliquis
522 2203 627 2258 talium
638 2202 716 2257 illios
731 2217 791 2257 non
802 2199 992 2256 habueritvel
1048 2205 1264 2262 Lemovicensis
1274 2207 1415 2290 episcopi,
1427 2223 1480 2278 per
1490 2205 1645 2262 ministros
1655 2203 1877 2260 tuosviolenter
1964 2207 1965 2294 (

166 2293 373 2364 nepotesfiliae
386 2295 585 2366 velneptisum
597 2292 993 2350 obtentumheneficiumdat
1048 2295 1143 2352 iecisti
1160 2301 1189 2351 et
1199 2295 1443 2352 irrationabiliter
1453 2294 1781 2368 occupari,qnasdama
1794 2293 1876 2348 villis

166 2382 196 2436 in
209 2382 318 2450 dotem,
328 2389 357 2438 et
368 2384 403 2438 de
415 2383 480 2456 ipso
491 2389 634 2456 tanquam
647 2383 683 2438 de
700 2383 820 2456 propria
835 2381 992 2436 hoeredita-
1049 2385 1258 2441 ethomiaihus
1269 2386 1334 2458 ejus
1343 2386 1511 2442 exactiones
1520 2385 1668 2441 indebitas
1678 2383 1876 2457 erigendoad

165 2472 350 2544 tedisponit.
363 2471 391 2526 Si
409 2471 527 2544 quando
543 2489 610 2529 vero
627 2461 784 2543 quisquam
796 2488 897 2527 eorum
910 2471 992 2543 prius
1048 2473 1213 2530 oblationes
1243 2475 1331 2530 etiam
1347 2475 1448 2530 altaris
1462 2474 1561 2533 Sancti
1585 2471 1738 2538 leonardi,
1755 2489 1823 2542 qum
1837 2472 1874 2527 ad

165 2561 242 2615 viam
255 2561 344 2616 luerit
354 2561 498 2617 universas
510 2562 608 2618 carnis
621 2563 784 2635 ingressus,
794 2577 883 2632 quam
896 2559 991 2616 illium
1048 2563 1145 2634 ipsum
1156 2563 1328 2636 episcopum
1343 2565 1493 2637 pertinere
1508 2569 1681 2628 noscuntur,
1698 2562 1794 2617 iecisti
1810 2578 1874 2616 ma·

165 2650 210 2706 vel
222 2651 546 2725 nepotemsuumJ'nxta
556 2649 682 2706 formam
695 2651 879 2722 praemissam
891 2665 991 2704 secum
1048 2669 1104 2708 nus
1120 2652 1249 2720 extendi,
1266 2659 1296 2708 et
1310 2671 1363 2726 per
1378 2659 1442 2710 tuos
1457 2654 1530 2710 iacis
1542 2653 1634 2725 recipi
1651 2652 1822 2708 servientes.
1841 2652 1875 2706 ln
1964 2646 1965 2660 ¹

166 2739 202 2795 de
213 2739 358 2796 beneflcio
368 2757 421 2796 suo
432 2740 536 2796 iecerit
545 2739 689 2808 investiri,
706 2738 902 2795 nihilominus
912 2737 992 2793 tilius
1047 2744 1590 2816 quoquantumregalimagnlilcentim
1599 2743 1876 2814 derogaturccgno·

165 2828 211 2884 vel
221 2845 314 2901 nepos
325 2827 418 2901 ipsius
430 2830 456 2884 ei
469 2828 628 2885 succedere
641 2828 747 2885 nititur
756 2833 786 2884 et
798 2828 891 2901 patris
901 2828 993 2883 benc·
1048 2847 1129 2886 scere
1141 2832 1262 2904 poteris,
1275 2833 1298 2888 si
1310 2832 1381 2888 velis
1390 2833 1562 2908 diligentius
1571 2831 1679 2888 intueri
1691 2832 1793 2902 sicque
1803 2831 1875 2886 uni-

166 2917 266 2974 tlclum
280 2917 456 2974 obtinere.Si
465 2917 531 2989 quis
542 2923 641 2974 autem
653 2935 755 2974 eorum
767 2935 868 2974 semen
878 2935 937 2974 non
946 2933 992 2974 re·
1046 2937 1131 2976 versa
1143 2921 1220 2976 hona
1230 2921 1323 2999 ipsius
1337 2922 1466 3004 episcopi
1481 2937 1536 2994 per
1545 2920 1751 2977 seneschalces
1763 2924 1794 2975 et
1808 2920 1872 2976 mi-

165 3007 288 3080 liqaerit
301 3021 390 3078 super
407 3011 527 3074 terram,
544 3023 599 3062 nec
614 3006 740 3063 clericus
753 3007 861 3079 aliquis
878 3025 911 3063 ex
928 3007 992 3086 ejus
1047 3011 1157 3065 nistros
1169 3015 1235 3066 tuoe
1259 3011 1396 3084 occupari
1420 3011 1516 3066 iecisti
1531 3011 1610 3082 quod
1625 3015 1707 3066 extra
1721 3010 1871 3066 civitatem
1964 3041 1965 3090 3

165 3095 421 3168 consanguinitate
438 3101 616 3170 compescet,
630 3096 722 3152 laicus
733 3097 782 3168 qui
794 3097 990 3168 propinquior
1003 3105 1028 3172 C
1045 3099 1168 3156 cirillae
1177 3101 1662 3173 suascogiturexsiliareliolentes
1672 3101 1872 3174 igiturqoan-

166 3186 192 3240 ei
206 3185 349 3258 sanguine
365 3185 471 3255 luerat,
485 3203 539 3258 per
553 3201 675 3241 menum
687 3185 814 3257 alicujus
824 3185 924 3241 clerici
940 3203 988 3242 ra·
1044 3194 1227 3259 tumcunque
1238 3206 1397 3262 personam
1407 3189 1873 3261 tuaminliominodiligamus,ut

165 3279 282 3332 cantem
298 3274 455 3330 ecclesiam
470 3275 586 3346 recipit,
603 3280 633 3331 et
649 3275 899 3348 percipitlructus
915 3278 990 3348 ejus.
1043 3279 1121 3350 apud
1134 3281 1225 3334 Deum
1240 3286 1343 3335 nostra
1358 3278 1540 3335 conscientia
1555 3296 1610 3334 nos
1629 3283 1748 3334 accuset
1763 3279 1788 3332 si
1804 3277 1870 3332 hmo

165 3365 321 3432 Gaeterum,
336 3363 361 3418 si
377 3381 466 3436 super
480 3361 526 3420 hie
542 3362 692 3420 interdum
704 3353 764 3420 non
773 3365 904 3420 annuitis
917 3366 991 3422 volis
1043 3368 1246 3424 dimiserimus
1261 3369 1388 3424 ulterius
1403 3370 1579 3435 incorrecta,
1596 3367 1804 3424 celsitudinem
1820 3383 1871 3424 re·

164 3453 330 3524 petentium
345 3451 391 3508 vel
411 3451 454 3508 eis
469 3451 649 3509 henellcium
669 3453 850 3510 investitura
865 3455 990 3524 negatis,
1042 3458 1120 3531 giam
1128 3473 1284 3514 monemus
1294 3458 1472 3514 attentiuset
1483 3455 1872 3527 hortamurinliominoper

166 3543 286 3614 rapiunt
301 3539 378 3598 bona
388 3547 494 3610 vestra,
511 3547 540 3598 et
556 3542 696 3598 ecclesias
710 3542 839 3615 spoliant
854 3559 927 3615 quas
943 3561 990 3599 re·
1042 3547 1204 3620 apostolica
1219 3548 1329 3620 scripta
1343 3547 1530 3615 mandantes,
1543 3551 1688 3618 quatenns
1699 3545 1872 3618 eidemepi-

167 3634 299 3703 quirunt,
312 3637 341 3686 et
353 3627 537 3688 aliteretlam
550 3648 600 3687 vos
615 3648 675 3688 non
686 3631 823 3688 dubitant
833 3633 992 3689 molestare
1043 3653 1131 3708 scopo
1146 3636 1245 3693 ablata
1256 3638 1552 3702 restituasunlrerea,
1562 3636 1637 3691 etde
1650 3633 1767 3690 damnis
1778 3634 1871 3690 etiam
1964 3639 1965 3653 ¹

166 3737 288 3794 guerras
299 3725 328 3774 et
341 3719 544 3775 dissensiones
555 3725 658 3776 contra
673 3723 839 3794 vossaepius
850 3723 993 3778 suscitan-
1042 3727 1134 3782 illatis
1150 3727 1206 3782 sibi
1222 3743 1256 3782 ac
1271 3726 1377 3782 suiset
1392 3725 1511 3798 injuriis
1533 3724 1718 3781 satislaciens
1745 3739 1872 3796 compo-

167 3815 221 3865 tes.
243 3809 523 3872 Quiaveroahusus
541 3809 994 3884 huJuemodicanonicleobvlat
1043 3821 1150 3884 tenter,
1166 3815 1202 3871 ab
1213 3816 1306 3889 ipsius
1317 3815 1449 3884 indebita
1464 3815 1672 3872 molestatione
1687 3815 1824 3882 desistas,
1842 3821 1873 3870 et
1964 3807 1965 3838 r

166 3897 320 3961 institutis,
332 3897 466 3952 volentes
477 3899 657 3954 monasterio
668 3904 763 3955 vestro
773 3905 898 3972 paterna
910 3900 993 3955 eolli-
1043 3907 1198 3978 permittas
1213 3921 1281 3960 eum
1296 3910 1356 3961 tam
1372 3905 1403 3960 in
1419 3905 1534 3960 civitate
1553 3921 1642 3976 quam
1667 3905 1870 3961 lemovicensi
1964 3967 1965 3970 Ἴ

166 3988 298 4043 citudine
313 3986 478 4058 providere,
495 3987 669 4044 auctoritate
684 3989 875 4061 presentiam
891 3989 991 4046 distel·
1044 3994 1872 4066 dioecesillherammanslonemetquietamhaberehllo·

167 4075 242 4130 otius
254 4074 424 4129 inhibemus
436 4073 563 4146 nequod
574 4093 609 4131 ex
620 4075 992 4134 ecclesiasticlehenessciis
1044 4085 1116 4157 quin
1129 4084 1246 4140 noveris
1257 4101 1313 4140 nos
1324 4084 1484 4140 venerabili
1494 4084 1577 4139 tratri
1589 4084 1875 4153 nostro,liituricen-

168 4180 294 4236 quorum
310 4163 429 4222 donatio
445 4163 542 4224 advos
556 4169 679 4240 spectat,
695 4166 740 4232 vel
755 4166 872 4230 duobus
887 4168 991 4226 conie-
1045 4176 1069 4242 si
1084 4175 1319 4253 archiepiscopo,
1336 4175 1461 4234 tirmiter
1475 4173 1642 4253 injunxisse
1670 4178 1714 4244 ut,
1728 4179 1798 4248 post
1810 4173 1872 4230 ire·

167 4259 250 4310 ratur
266 4253 296 4308 in
309 4253 469 4327 integrum,
480 4255 526 4313 rel
540 4258 732 4327 postpatrcru
745 4256 828 4318 nullo
843 4257 993 4321 mediante
1045 4269 1170 4335 quantes
1183 4271 1213 4322 et
1226 4264 1383 4338 diligentes
1407 4263 1627 4322 admonitiones
1642 4261 1695 4320 tibi
1717 4262 1811 4320 iactae
1835 4279 1874 4320 ex

168 4347 230 4402 filio
246 4347 403 4415 tribuatur,
419 4353 470 4403 aut
485 4347 624 4420 cuiquam
638 4349 806 4424 assignetur
827 4349 858 4406 in
882 4351 992 4421 dotem,
1043 4360 1126 4426 parte
1142 4359 1201 4409 tam
1216 4359 1320 4411 nostra
1334 4370 1425 4425 qnam
1438 4367 1502 4422 sua,
1518 4358 1546 4408 te
1562 4351 1670 4408 adhoc
1698 4368 1752 4424 per
1776 4353 1873 4410 iuter-

167 4433 214 4490 vel
228 4433 264 4492 ad
289 4435 525 4508 consanguineos
545 4441 687 4515 tanquam
708 4438 776 4510 jure
804 4437 1032 4536 haeredimrioD
1048 4443 1161 4499 dictum
1172 4447 1270 4513 terrea,
1285 4442 1321 4499 ad
1332 4457 1541 4519 quamcunque
1554 4441 1719 4509 dereneris,
1743 4441 1814 4496 dum
1841 4441 1873 4496 in

169 4523 348 4586 devolvatur.
364 4521 442 4582 Nulli
459 4542 539 4598 ergo,
555 4530 613 4584 etc.
1048 4549 1083 4594 ea
1097 4551 1229 4606 praesens
1244 4533 1402 4614 exstiteris,
1424 4529 1537 4594 nullius
1560 4528 1802 4594 contradictionis
1826 4531 1877 4588 rel

205 4615 311 4670 hatum
326 4613 473 4682 laterani,
488 4631 516 4672 ιιι
530 4615 600 4674 Idus
614 4615 703 4676 lunii.
1045 4623 1256 4696 appellationis
1283 4625 1415 4692 obtentu.
1441 4626 1545 4690 nostre
1570 4619 1665 4684 frctus
1694 4619 1874 4685 auctoritate

1045 4713 1214 4786 compellat.

203 4862 267 4932 (233
293 4819 427 4918 Iudicate
441 4861 519 4934 apud
534 4863 730 4936 Raynaldum,
747 4884 825 4926 anno
842 4869 921 4938 1202,
936 4871 988 4996 {t
1045 4874 1092 4930 eit.
1107 4873 1151 4930 Ad
1167 4889 1235 4944 eum
1251 4872 1358 4948 saeptus
1374 4872 1493 4946 scripsit
1506 4873 1697 4934 Innocentius
1708 4873 1874 4930 101111.Ἲί-
1964 4859 1965 4886 ’

203 4935 266 4996 (231
292 4934 362 5000 Quse
376 4933 466 5015 fuerit
479 4933 697 4996 Romaricensls
711 4943 884 4998 monasterii
899 4942 935 5006 ab
958 4961 991 5000 a·
1045 4947 1081 5001 de
1091 4947 1177 5005 libel.
1191 4948 1224 5001 cte
1238 4949 1303 5020 Neq.
1320 4947 1389 5022 imp.

167 5005 240 5061 tissa
254 5004 291 5060 ad
306 5021 396 5080 quam
409 5005 521 5062 duecte
545 5007 654 5064 dicitur
681 5011 743 5067 haec
773 5013 909 5092 epistola.
936 5031 990 5086 pro
1090 5021 1152 5092 230)
1166 5017 1238 5082 Vide
1252 5017 1408 5095 epistolam
1423 5019 1454 5072 13
1470 5018 1593 5089 hujusce
1607 5017 1660 5080 lib,
1676 5033 1703 5081 ι,
1719 5020 1783 5078 not,

166 5082 246 5134 certo
259 5080 387 5160 statuere
403 5077 651 5206 inpromptuuon
662 5082 807 5142 hahemus
821 5085 853 5148 ln
865 5085 992 5147 abbatis·
1092 5090 1511 5161 ‘stvdeanncsldelleiraco
1548 5089 1581 5145 de
1602 5087 1872 5162 veraequenovt-

167 5165 267 5204 sarum
279 5165 354 5204 serie
366 5165 454 5233 quem
467 5149 533 5206 exhi
558 5151 685 5233 etttottc'c
700 5156 856 5212 Girbitana
871 5159 894 5228 (1
915 5159 989 5232 lllll,
1045 5161 1143 5220 oensis
1158 5163 1324 5234 episcopus,
1341 5161 1378 5221 ab
1393 5175 1472 5218 arrno
1489 5163 1538 5216 110
1559 5177 1597 5228 ,a
1616 5161 1737 5224 ioanne,
1754 5159 1874 5232 anglia

167 5218 222 5276 col.
242 5221 320 5292 1110)
331 5225 459 5277 occurrit
469 5219 632 5278 Clementia
647 5225 668 5294 l,
685 5225 720 5281 ab
732 5245 810 5284 anne
820 5231 888 5284 1100
896 5246 991 5302 usqae
1044 5233 1265 5308 regepmnihus
1280 5231 1358 5288 sedis
1374 5232 1550 5306 episcopalis
1564 5231 1714 5309 regalibus
1724 5230 1875 5302 spoliatus

167 5291 204 5373 ad
220 5307 331 5373 annum
348 5295 435 5376 (100;
452 5309 520 5348 mox
533 5294 687 5376 Margarita
701 5297 713 5352 l
726 5299 769 5368 (ἀι
786 5301 915 5372 Saccas),
934 5319 990 5360 cn·
1044 5305 1324 5378 ierosolymitanam
1350 5303 1407 5358 iter
1427 5319 1444 5358 a
1464 5321 1580 5376 gressus
1596 5307 1650 5372 est,
1666 5301 1697 5360 in
1712 5319 1771 5376 quo
1787 5319 1875 5358 mor-

165 5379 215 5433 (ιιι
230 5379 336 5432 prima,
353 5363 612 5446 rblnstrumentrs,
629 5369 740 5426 mentio
757 5371 791 5426 tlt
809 5387 887 5426 anno
910 5373 990 5435 1211.
1045 5377 1347 5437 tuuscstennotals
1373 5391 1430 5452 apu
1462 5379 1565 5430 Acrem
1594 5374 1876 5442 diffininitio-

204 5434 279 5506 (333)
293 5437 494 5491 Trerrrensem
516 5436 618 5494 sedem
642 5445 712 5496 tune
728 5443 892 5514 occupabat
904 5445 990 5504 toan·
1045 5455 1114 5505 cent
1128 5447 1282 5504 albericus
1298 5453 1327 5503 et
1341 5419 1508 5506 bernardus
1521 5447 1574 5502 Gui
1597 5447 1673 5504 onis.
1683 5445 1754 5512 Gali,
1769 5445 1878 5504 Christ.

169 5517 223 5557 nes
239 5503 261 5570 1,
278 5506 329 5590 qni
344 5505 584 5589 archiepiscopus
600 5525 679 5567 anna
703 5514 770 5570 1100
791 5517 990 5590 renuntiatus,
1045 5526 1066 5582 t.
1083 5521 1119 5595 ll,
1135 5519 1190 5584 col.
1208 5523 1270 5576 aar.

169 5577 414 5647 metropolitanas
433 5578 543 5634 infulae
558 5596 651 5654 usque
667 5582 703 5640 ad
714 5600 827 5642 annum
843 5589 911 5644 1212
925 5605 992 5663 ges·
