3948 6070
23 299 84 356 85⁴1
548 286 802 346 nortmannus
821 287 918 346 ANNO
937 285 973 358 Η,
993 285 1133 344 CHRISTI
1152 287 1232 344 ttae.
1687 289 1738 347 ete

25 455 59 508 et
71 448 151 506 Petri
166 444 297 520 praetecti
314 443 410 512 Urbis,
426 459 493 570 epure
508 442 545 500 ad
562 441 674 499 calcem
688 439 814 512 hujusce
829 437 900 495 libel
915 437 1058 494 retulerat
1072 436 1152 493 idem
1165 436 1326 520 tihalinus,
1342 453 1450 520 moneo
1473 437 1526 494 illa
1541 457 1558 494 a
1571 455 1620 496 me
1646 439 1740 498 relata

24 538 96 580 esse
110 535 199 592 supra
214 518 244 573 in
259 515 427 598 appendice·
451 515 507 570 ibri
522 515 623 588 primi,
636 528 672 570 ea
686 510 722 568 de
738 527 837 580 cansa,
854 509 934 584 qnod
948 510 986 566 ad
1000 525 1114 566 aunum
1128 525 1257 582 primum
1271 511 1462 582 pontificatus
1476 511 1642 568 Innocentii
1669 531 1737 586 per-

26 595 150 651 tineant
161 591 236 647 citra
250 594 490 646 controversiam.
506 608 521 638 »

397 829 497 886 ccxc,
876 807 996 882 Aetia
1011 806 1147 880 pluribus
1171 811 1253 864 tuam
1278 823 1381 864 sumus
1407 807 1593 865 devotionem
1620 811 1744 881 experti.

133 938 273 982 mmm
293 935 432 978 mm„
451 935 483 976 m
503 933 622 976 mmm,
640 932 767 974 „Imm
919 897 1092 970 Eapropter,
1108 897 1286 953 venerabilis
1299 897 1331 954 in
1346 897 1463 954 Christo
1478 898 1643 968 traler‚tuis
1653 899 1745 971 justis

371 1025 522 1066 ,mmm
918 986 1058 1060 precibus
1084 992 1262 1054 annuentes,
1285 986 1449 1056 libertates,
1465 987 1680 1057 immunitates,
1695 987 1744 1045 di-

34 1113 73 1167 Ut
85 1107 211 1180 episcopo
224 1117 273 1160 suo
287 1099 469 1172 respondeant
493 1097 526 1152 da
540 1096 651 1153 mama
664 1093 824 1152 mortum-ic
838 1101 865 1152 ec
920 1075 1047 1150 gnitates
1063 1081 1092 1132 et
1101 1075 1328 1150 jurisdictiones
1352 1075 1405 1132 tibi
1427 1081 1457 1132 et
1473 1076 1612 1133 Ecclesia
1628 1077 1745 1134 Vulter-

354 1169 547 1227 oblationibus.
919 1166 1043 1224 raaeasi
1059 1182 1076 1222 a
1091 1165 1275 1238 principibus
1288 1166 1347 1223 sive
1363 1183 1380 1222 a
1395 1166 1623 1238 quibuscunque
1642 1184 1747 1240 perso-

273 1259 434 1335 (Laterani,
450 1257 492 1313 ld.
509 1256 627 1329 Martii).
920 1257 968 1314 ais
984 1255 1194 1312 ecclesiasticis
1208 1256 1253 1312 vel
1269 1255 1462 1312 saecularibus
1486 1256 1608 1329 provida
1632 1255 1746 1315 delibe-

75 1360 260 1414 lnnocsrsrms
275 1351 443 1423 episcopus,
460 1363 560 1404 servus
576 1361 728 1404 servorum
744 1344 806 1413 llei,
822 1342 864 1399 di·
920 1347 1035 1402 ratione
1059 1361 1215 1402 concessas
1228 1351 1307 1402 ratas
1322 1362 1388 1402 esse
1411 1345 1600 1401 decernimus
1616 1351 1645 1402 et
1657 1363 1744 1403 man-

33 1447 126 1504 lectis
142 1443 212 1500 aliis
225 1440 372 1496 universis
387 1437 586 1494 Ecclesiarum
606 1435 737 1508 prelatis
760 1439 789 1492 et
803 1434 864 1490 cle·
921 1435 1026 1490 damus
1038 1434 1071 1489 in
1085 1439 1236 1506 posterum
1258 1434 1468 1492 inviolabiliter
1489 1434 1648 1494 observari.
1665 1436 1745 1492 Nulli

34 1537 112 1594 ricis
128 1531 267 1590 Ecolesiae
281 1527 431 1586 Pennensi
446 1526 511 1600 lege
526 1525 693 1586 diecesana
710 1523 863 1595 sabjectis,
922 1541 989 1597 ergo
1005 1523 1127 1579 omnino
1144 1525 1398 1580 laominumliceat
1409 1525 1485 1580 hanc
1501 1529 1612 1582 nostrae
1625 1541 1744 1582 conces·

37 1626 171 1684 salutern
187 1627 217 1678 et
231 1617 425 1693 apostolicam
439 1615 690 1672 benedictionem.
923 1613 1016 1670 sionis
1042 1613 1180 1687 paginam
1205 1614 1366 1688 intringere
1381 1615 1425 1670 vel
1442 1615 1468 1670 ei
1492 1631 1567 1670 ausu
1586 1617 1745 1672 temerario

79 1710 260 1788 Significavit
274 1708 360 1765 nobis
375 1705 553 1762 venerabilis
567 1705 659 1760 frater
673 1709 775 1760 noster
789 1705 864 1760 Pen·
923 1702 1080 1759 contraire.
1097 1703 1126 1758 Si
1142 1703 1209 1774 quis
1222 1708 1322 1759 autem
1336 1703 1393 1758 hoc
1412 1707 1558 1760 attentare
1581 1721 1748 1778 presump-

39 1803 149 1862 nensis
173 1801 330 1874 episcopus
359 1795 436 1868 quod
466 1811 527 1850 noa
552 1793 608 1850 sibi
633 1793 670 1849 de
693 1792 816 1850 decimis
840 1797 870 1848 et
924 1792 1007 1860 serit,
1024 1791 1259 1862 indignationem
1283 1792 1497 1864 omnipotentis
1522 1793 1574 1850 Dei
1598 1798 1627 1848 et
1648 1794 1750 1852 beato-

41 1891 230 1960 mortuariis,
244 1887 446 1946 oblationibus
462 1890 491 1942 et
513 1885 580 1942 aliis
595 1884 721 1956 justitiis
745 1900 869 1956 respon·
925 1898 993 1938 ram
1014 1881 1093 1936 Petri
1117 1887 1147 1937 et
1170 1881 1253 1938 Pauli
1269 1881 1471 1954 apostolorum
1496 1882 1561 1955 ejus
1583 1899 1613 1938 se
1636 1885 1751 1940 noverit

44 1981 212 2049 delieoaia
226 1995 293 2036 vcro
306 1978 412 2034 iratres
420 1975 611 2049 coepiscopos
626 1979 744 2030 nostros
760 1973 870 2046 specia-
927 1971 1128 2028 incursurum.

43 2075 118 2131 liter
132 2069 267 2127 volumus
281 2067 313 2122 in
328 2083 381 2123 suo
393 2065 462 2140 jure
477 2065 565 2134 tueri,
578 2063 751 2120 discretioni
766 2069 871 2120 vestrae
963 2061 1070 2116 Datum
1092 2060 1238 2128 Laterani,
1268 2075 1295 2115 rx
1324 2059 1387 2117 llal.
1412 2059 1534 2133 Aprilis,
1558 2059 1750 2132 pontificatus

41 2179 101 2237 per
115 2159 277 2233 apostolica
290 2155 400 2227 scripta
414 2153 590 2211 mandamus
606 2159 635 2209 et
650 2153 783 2209 districte
798 2170 871 2225 pre·
886 2183 913 2248 B
927 2149 1023 2206 nostri
1038 2165 1116 2206 anno
1132 2149 1274 2204 secundo.

43 2252 175 2325 cipimus
199 2251 347 2320 quatenus
362 2245 400 2313 ei,
416 2245 493 2300 sicut
518 2243 686 2300 dioecesano
711 2248 808 2298 vestro
833 2242 870 2298 de
1279 2255 1404 2311 ccccc,

42 2338 181 2407 decimis,
198 2335 379 2402 mortuariis,
395 2331 597 2389 oblationibus
612 2337 641 2388 et
663 2331 700 2387 de
726 2331 872 2388 universis
1102 2357 1263 2398 ammaon
1284 2358 1374 2398 mu
1393 2358 1574 2399 mmmm,

36 2428 170 2504 justitiis
186 2423 414 2498 episcopalibus,
431 2421 508 2477 sicut
524 2420 671 2476 canonica
694 2421 790 2476 sancit
802 2437 873 2476 auc·
1060 2433 1201 2502 Rectpttur
1213 2432 1263 2486 sub
1274 2433 1445 2502 protectione
1459 2433 1619 2503 apostolica,

40 2517 162 2586 toritas,
178 2513 289 2571 curetis
306 2511 369 2567 sine
385 2509 585 2567 diminutione
602 2509 735 2581 qualibet
748 2525 872 2580 respon·
1149 2520 1306 2592 (Laterani,
1320 2537 1346 2575 ,v
1361 2520 1424 2576 Kal,
1440 2520 1528 2592 cac),

41 2607 128 2672 dere,
145 2601 344 2660 nonobstante
369 2599 394 2654 si
409 2596 514 2653 easibi
534 2597 579 2652 vel
604 2596 873 2668 praedecessoribus
964 2619 1039 2692 (145)
1066 2619 1250 2674 qppoflfflms
1278 2618 1445 2690 episcopus,
1471 2635 1571 2676 servus
1599 2635 1751 2676 servorum

43 2695 113 2768 ejus
128 2689 289 2763 aliquand⁰
304 2704 357 2760 W
379 2685 517 2742 ¹⁸i⁰³l⁰m
532 2685 695 2758 p⁰t⁰¹¹ti³m
709 2685 872 2741 summis·
929 2708 992 2780 llei,
1008 2707 1116 2762 dilecto
1131 2706 1193 2762 tilio
1208 2707 1250 2760 W.
1267 2723 1301 2763 aa
1316 2708 1410 2763 lissam
1423 2707 1608 2781 presbytero,
1625 2709 1752 2766 salutem

44 2785 98 2840 tie.
115 2783 149 2836 ln
163 2778 262 2835 causis
280 2777 370 2832 etiam
394 2773 676 2842 matrimonialibus,
692 2774 874 2846 poenitentiis
930 2804 960 2854 Θ,
974 2795 1165 2869 apostolicam
1180 2795 1430 2852 benedictionem·

47 2868 283 2928 homicidiorum
306 2871 335 2922 0²
360 2863 587 2937 ⁰l³l³f05⁵i⁰num
611 2863 775 2919 mmmmm
790 2869 820 2920 θῑ
842 2864 875 2921 5¹¹
966 2886 1160 2942 sacrosancta
1173 2886 1307 2941 Romana
1320 2885 1452 2943 Ecclesia
1477 2886 1590 2942 devotis
1605 2890 1635 2942 et
1649 2887 1752 2943 burni-

17 3003 18 3008 1
49 2959 121 3018 aliis
137 2958 227 3014 eliam
251 2973 316 3028 ΨΜ)
340 2959 449 3027 Ρΐωῑθΐ
461 2952 555 3025 ἰΡ8ἰ115
580 2952 645 3008 ssflfi
669 2953 875 3010 aussmsiffiem
929 2975 975 3032 les
991 2974 1068 3030 illios
1083 2990 1119 3030 ex
1132 2981 1258 3030 assuete
1272 2975 1391 3046 pietatis
1406 2974 1505 3031 olllcio
1520 2976 1697 3048 propensius
1713 2976 1756 3033 di·

48 3064 114 3107 11⁰ss
143 3045 256 3102 habent
284 3043 495 3116 0P5⁸⁰⁰P³¹011¹=
523 3041 605 3096 V⁰bi⁵
634 3041 875 3114 jfllifldissfis’fleffl
930 3063 1629 3138 ligereconsuevit,etnepravorumbominum
1643 3064 1753 3122 moles·

48 3137 225 3196 nullatenus
240 3132 399 3205 usurpetis.
416 3131 568 3203 Alioquin,
584 3131 764 3188 sententiam
786 3148 875 3203 quam
931 3155 981 3210 ,ἧς
996 3153 1155 3224 agitentur,
1171 3169 1234 3214 ⁶05,
1250 3158 1392 3224 tanquam
1408 3153 1458 3225 pia
1472 3160 1641 3222 matema
1657 3161 1755 3227 prope,

48 3230 175 3302 prapter
186 3224 243 3280 hoc
257 3223 288 3277 in
305 3238 354 3278 vos
367 3220 585 3278 rationabiliter
600 3219 711 3288 tulerit,
720 3220 874 3291 iaciemus,
932 3243 1039 3300 epponis
1054 3242 1220 3298 munimine
1236 3241 1401 3298 confovere,
1411 3243 1584 3314 camme„
1600 3243 1707 3300 dipem
1724 3244 1755 3299 in

49 3320 174 3373 auctore
189 3312 325 3381 Domino,
341 3309 559 3366 rationabiliter
573 3309 733 3366 observari.
933 3332 1057 3390 Domino
1073 3331 1127 3400 ffli,
1143 3347 1300 3404 personam
1328 3335 1409 3387 tuam
1428 3347 1496 3388 cum
1513 3331 1653 3388 omnibus
1668 3332 1755 3389 bonis

89 3405 196 3460 Datum
211 3400 358 3470 Laterani,
373 3399 447 3455 ldib.
463 3397 766 3470 Martii,pontitlcatus
781 3399 878 3454 nostri
933 3429 994 3478 mm
1008 3421 1218 3478 ecelesiasticis
1241 3438 1331 3492 quam
1354 3421 1515 3477 mundanis
1530 3438 1597 3492 qum
1623 3421 1654 3477 in
1678 3440 1756 3495 pm.

52 3511 133 3551 ΜΟ
149 3491 290 3549 ⁵⁰⁰¹¹¹¹d⁰·
934 3511 1098 3568 sentiarum
1121 3510 1337 3566 rationabiliter
1351 3509 1497 3582 possides,
1513 3515 1564 3566 aut
1578 3510 1609 3566 in
1624 3511 1757 3568 laturum

411 3595 523 3651 GGltGI.
931 3598 1144 3674 justismodis,
1160 3604 1318 3669 prestante
1332 3599 1468 3667 Domino,
1484 3599 1595 3670 poteris
1619 3599 1756 3672 adipisci,

204 3701 374 3744 rnamaanno
393 3700 522 3740 asrscora
541 3699 730 3742 vuamnaano.
935 3689 990 3745 sub
1005 3687 1083 3743 beati
1105 3687 1182 3742 Petri
1199 3691 1228 3741 et
1243 3692 1344 3742 nostra
1365 3687 1550 3758 protectione
1567 3687 1756 3760 suscipimus.

226 3778 262 3832 lle
277 3773 715 3846 confirmationeptlvileaiowm.
938 3776 1111 3850 Specialiter
1133 3781 1233 3832 autem
1259 3776 1414 3832 ecclesiam
1441 3775 1478 3833 de
1502 3777 1674 3845 Franchart,
1690 3794 1759 3834 cum

256 3862 413 3935 (Laterani,
429 3877 458 3916 rx
472 3860 534 3916 Kal.
554 3861 687 3934 Aprilis).
938 3866 1072 3932 decimis,
1083 3863 1259 3934 redditibus,
1276 3882 1380 3935 censu,
1397 3865 1635 3938 possessionibus
1651 3873 1680 3922 et
1695 3884 1760 3922 om-

95 3959 279 4014 Iunocsnnus
294 3951 461 4025 episcopus,
479 3967 580 4007 servus
591 3967 742 4008 servorum
757 3952 819 4021 nei,
834 3969 884 4009 re·
938 3955 1026 4012 nibus
1042 3954 1232 4027 pertinentiis
1248 3955 1321 4024 suis,
1337 3955 1414 4011 sicut
1437 3971 1502 4011 eam
1522 3955 1604 4027 juste
1625 3956 1760 4028 possides

58 4043 284 4103 nerabilitratri
296 4043 469 4098 lanaamaao
485 4040 660 4096 vulterrano
676 4042 825 4115 episcopo,
837 4058 885 4099 sa·
939 4049 969 4100 et
983 4043 1093 4115 quiete,
1110 4045 1286 4100 auctoritate
1302 4043 1354 4099 tibi
1370 4044 1534 4116 apostolica
1548 4046 1762 4102 cantlrmamus

55 4137 152 4193 lutera
171 4140 201 4191 et
214 4132 409 4207 apostolicam
423 4129 672 4188 benedictionem.
940 4139 970 4188 et
984 4133 1139 4205 presentis
1154 4133 1256 4204 scripti
1268 4133 1433 4206 patrocinio
1448 4133 1761 4190 communimus.Nalli

95 4227 165 4290 Qua
178 4223 215 4280 ad
238 4221 437 4278 Ecclesiarum
460 4225 653 4294 augmentum
668 4236 686 4276 a
700 4221 885 4294 principibus
941 4239 1009 4296 ergo
1024 4223 1146 4279 omnino
1171 4223 1327 4280 hominum
1342 4223 1430 4280 liceat
1446 4223 1523 4279 bana
1538 4225 1678 4296 paginam
1692 4239 1764 4280 nos-

58 4311 254 4369 srecularibus
281 4315 332 4366 aut
354 4310 425 4367 viris
448 4309 659 4366 ecclesiasticis
680 4309 885 4384 indulgentur,
941 4318 994 4368 trae
1030 4313 1222 4384 protectionis
1264 4319 1293 4368 et
1329 4312 1565 4368 confirmationis
1603 4310 1763 4383 intringere

58 4406 211 4476 gratanter
233 4398 418 4455 admittimus
447 4405 477 4454 et
499 4399 590 4472 gratis
613 4399 784 4471 apostolica
806 4400 886 4456 sedis
941 4401 988 4456 vel
1004 4401 1030 4456 ei
1058 4417 1132 4458 ausu
1155 4401 1312 4456 temerario
1333 4400 1491 4456 contraire.
1513 4399 1541 4454 Si
1566 4399 1632 4470 quis
1653 4404 1765 4470 autem,

58 4487 436 4564 presidiocommunimus.
453 4486 537 4552 Quod
553 4486 632 4543 circa
643 4491 670 4542 te
681 4502 715 4542 ac
725 4486 886 4544 Ecclesiam
943 4495 999 4545 etc.

61 4578 273 4634 vulterranam
289 4580 370 4631 tanto
385 4574 527 4631 libentius
551 4575 760 4648 adimplemus,
776 4581 888 4648 quanta
980 4577 1085 4632 Datum
1101 4575 1247 4644 Laterani,
1264 4592 1291 4632 ιν
1306 4576 1369 4632 Ital.
1387 4575 1658 4648 llaii,poatillcatus
1672 4575 1767 4632 nostri

61 4672 91 4725 te
107 4665 194 4722 nobis
210 4669 239 4721 et
252 4663 390 4720 Ecclesiae
402 4666 540 4720 ltomaaae
549 4662 715 4720 tideliorem
722 4665 890 4723 invenimus
944 4680 1023 4722 anno
1039 4664 1179 4721 secundo.

104 4901 246 4984 Epistola
260 4902 330 4970 293.
347 4900 390 4962 od
405 4899 670 4979 archiepiscopum
694 4903 936 4982 Mapantinum,
963 4909 1140 4982 episcopum
1165 4903 1389 4975 Sabinarum
1406 4909 1436 4966 et
1453 4905 1523 4973 294,
1549 4901 1592 4964 ad
1609 4905 1771 4966 uniuersos

66 4994 131 5044 tam
161 4986 381 5044 ecclesiasticos
415 4999 507 5060 qaam
543 4983 706 5042 saeculares
739 4989 900 5065 perincipm
937 4986 1121 5057 Alcmenae,
1151 4982 1188 5043 de
1215 4989 1356 5046 electione
1388 4989 1600 5064 imperatoris,
1629 4990 1772 5064 spectant

64 5065 104 5127 ad
137 5061 315 5144 Recistrum
342 5061 515 5124 innocentii
544 5060 587 5123 lll
614 5081 710 5143 super
739 5071 863 5143 necatio
891 5067 1025 5126 Rectene·
1053 5065 1189 5144 imperii,
1229 5065 1315 5143 quod
1342 5065 1381 5126 ad
1409 5065 1527 5127 calcem
1565 5067 1769 5138 Recentorum

65 5145 249 5207 domnallo
277 5144 336 5205 hoc
363 5159 420 5202 nos
448 5141 570 5203 monuit
596 5141 741 5204 baluzius
769 5145 801 5204 in
830 5145 1018 5208 Pretauona
1046 5144 1214 5224 inquiens:
1235 5145 1327 5206 «Nos
1354 5152 1470 5218 tamen,
1501 5146 1574 5224 quia
1604 5145 1771 5222 Regestum

64 5225 142 5286 illud
172 5224 230 5306 (lle
258 5229 381 5304 necatio
409 5221 545 5304 imperii)
580 5239 644 5283 non
682 5223 880 5288 habebamus
915 5244 952 5289 aa
986 5233 1127 5307 tempore
1166 5243 1230 5306 qao
1267 5227 1422 5288 secundus
1450 5225 1530 5287 liber
1557 5241 1684 5286 recusus
1712 5230 1769 5299 est,

63 5305 98 5366 ia
125 5304 214 5366 illum
243 5304 434 5384 conjecimus
463 5302 584 5382 priores
613 5302 692 5364 duas
720 5304 870 5384 epistolae
895 5305 968 5368 libri
996 5309 1042 5369 De
1069 5308 1191 5386 necatio
1220 5311 1357 5385 imperit.
1385 5323 1463 5385 quas
1492 5306 1710 5367 inveneramus
1738 5305 1770 5366 in

64 5386 238 5528 {ssmliqlsm
260 5383 386 5448 Odorici
409 5382 577 5464 Raynaldi.
594 5405 609 5439 a
639 5383 704 5446 Has
734 5403 810 5466 ergo
837 5387 955 5450 litteras
978 5389 1074 5450 habet
1097 5389 1195 5451 lectar
1223 5387 1309 5448 citati
1334 5385 1471 5467 Recistri
1494 5403 1615 5447 numm.
1639 5387 1655 5449 1
1681 5391 1713 5448 et
1736 5387 1767 5448 Ξ.

118 5482 158 5526 rr.
198 5483 268 5528 ara.

105 5616 179 5690 (tlt)
196 5613 266 5672 Vide
282 5615 421 5689 stephan.
437 5617 559 5675 Tarnac.
576 5614 662 5689 epist.
681 5617 741 5672 tro.
