3972 6068
184 278 236 334 683
672 271 874 329 INNOGENTII
893 269 1004 326 1111212.
1025 271 1259 332 REGESTORUM
1279 275 1345 332 LlB.
1365 275 1401 329 11.
1843 269 1901 326 684

189 401 291 460 aiones
304 416 358 474 pro
380 413 434 456 sua
453 402 525 454 sunt
545 401 629 470 perte
652 395 821 469 productaa3
837 401 904 454 tum*
923 395 1013 452 etiam
1027 401 1057 466 Α
1071 397 1244 470 frequenter
1255 399 1362 471 injure
1372 397 1452 470 quod
1462 413 1567 454 omnes
1578 395 1722 470 episcopi,
1738 394 1790 466 qui
1801 395 1901 468 primo

191 490 271 562 qarod
287 490 317 546 in
334 487 592 559 eodemquaterno
608 501 697 557 quem
708 489 811 542 contra
824 485 1016 557 sepedictum
1072 487 1245 544 Bracarensi
1261 487 1388 542 concilio
1408 488 1568 554 alluerant,
1586 483 1793 541 indubitanter
1807 483 1902 555 perti-

192 579 406 634 Bracarensem
421 575 678 649 archiepiscopum
694 574 869 646 produxisti,
886 574 1017 628 Lucense
1071 573 1900 648 nentadmetropolimBracarensem.Sedperquoddam

193 665 355 723 concilium
371 669 416 721 est
431 666 582 720 inventum
593 681 599 719 :
610 663 640 719 in
650 679 709 734 quo
718 663 941 736 episcopatuum
950 661 1016 717 Gal·
1072 666 1235 737 capitulum
1245 667 1370 722 secundi
1381 667 1500 722 concilii
1512 667 1701 722 Bracarensis
1710 671 1814 738 aperte
1829 679 1902 736 pro-

191 755 282 814 laesi·
293 754 349 810 luit
361 753 439 810 iacta
451 751 567 820 divisio,
583 767 636 824 per
650 767 738 823 quam
755 751 953 824 episcopatus,
971 748 1018 804 de·
1070 753 1158 810 hatur
1170 755 1250 826 quod
1264 756 1295 811 hi
1306 760 1433 827 quatuor
1443 756 1644 812 interfuerunt
1657 755 1753 826 primo
1768 753 1899 810 concilio

192 843 303 918 quibus
318 843 425 916 agitur,
436 840 474 898 ad
487 840 655 898 Gallaeciam
671 840 853 912 provinciam
869 840 1017 911 pertinere
1072 844 1255 914 Bracarensi,
1269 861 1337 900 cum
1362 843 1400 900 ad
1427 843 1591 902 secundum
1615 843 1776 899 concilium
1793 843 1899 898 Braca-

197 937 413 990 mcnstrantur.
426 932 546 988 Famam
560 946 628 985 vero
640 928 757 986 dicebat
766 935 908 985 contrase
921 927 1020 984 nulla»
1072 949 1160 988 rense
1175 935 1348 990 convenisse
1359 933 1497 990 dicantur
1508 933 1640 1005 episcopi
1650 939 1711 988 tam
1722 947 1758 988 ex
1773 929 1900 987 lucensi

144 1037 147 1044 ⁴
195 1029 283 1080 tenus
299 1037 365 1078 esse
380 1019 556 1094 probatam
574 1019 625 1074 sed
641 1035 697 1074 nec
710 1019 890 1076 sententiam
905 1017 1018 1090 prelati
1074 1021 1285 1092 synodoquam
1299 1023 1389 1078 etiam
1404 1022 1588 1090 Bracarensi,
1600 1026 1631 1076 et
1644 1021 1785 1076 intereos
1799 1019 1851 1090 qui
1865 1035 1900 1072 ex

195 1112 286 1188 legati
294 1108 523 1184 alicujusiuisse
532 1108 688 1177 momenti,
704 1124 770 1163 cum
785 1108 815 1163 in
831 1106 948 1178 scriptis
958 1123 1020 1162 non
1075 1111 1248 1166 Bracarensi
1259 1103 1554 1184 synodo'conveuisse
1562 1110 1702 1166 dicuntur
1711 1108 1760 1164 isti
1772 1112 1902 1179 quatuor

192 1201 363 1258 inveniatur
373 1199 466 1257 fuisse
479 1197 610 1266 redacta,
622 1197 758 1269 quamvis
773 1213 862 1268 super
877 1201 958 1252 tauto
973 1195 1023 1252 di-‘
1074 1199 1544 1257 nominantur.Porrusecundum
1551 1194 1901 1254 Bracarenseconcilium

194 1295 280 1348 catur
293 1289 411 1362 negotio
426 1285 652 1359 tuisseprolata.
670 1285 752 1342 Unde
768 1302 823 1342 nec
838 1301 1020 1342 nomensen·
1074 1304 1135 1343 non
1158 1289 1312 1360 praecessit
1335 1287 1523 1344 Bracarensis
1543 1287 1684 1360 synodus,
1709 1286 1767 1342 nisi
1790 1285 1899 1357 prima.

194 1379 297 1436 tenti&
314 1376 423 1434 habere
438 1381 580 1432 meretur.
596 1377 655 1431 Nec
670 1373 768 1431 Obstat
782 1374 893 1431 SlfOI'te
906 1375 1021 1430 dicatur
1075 1387 1197 1442 Constat
1214 1401 1282 1458 ergo
1296 1386 1375 1457 quod
1398 1387 1447 1442 isti
1472 1391 1598 1458 quatuor
1620 1385 1742 1440 fuerunt
1755 1384 1787 1439 in
1802 1384 1902 1455 prima

199 1476 280 1549 quod
295 1475 524 1534 lueritamissa:
547 1475 617 1546 quia
632 1475 683 1546 qui
707 1491 809 1530 casum
833 1473 951 1547 allegat,
967 1472 1021 1528 de·
1076 1475 1188 1548 synodo
1200 1477 1381 1532 Bracarensi.
1399 1475 1482 1532 Unde
1498 1476 1614 1531 videtur
1626 1474 1724 1548 colligi
1740 1472 1902 1530 manifeste

196 1566 359 1623 betcasum
373 1564 509 1639 probare.
525 1565 626 1620 Testes
648 1569 746 1620 autem
763 1563 812 1636 qui
837 1563 873 1619 de
897 1563 962 1634 ipsa
976 1561 1021 1617 lo·
1076 1564 1154 1636 quod
1169 1563 1218 1620 isti
1233 1571 1362 1635 quatuor
1376 1564 1463 1637 juxta
1477 1565 1663 1637 praemissam
1677 1562 1901 1619 contessionem

197 1661 329 1729 quuntur
343 1654 501 1721 sententia,
517 1654 596 1709 inter
610 1669 642 1708 se
657 1653 780 1708 omnino
795 1651 976 1720 discordant,
992 1656 1023 1707 et
1076 1657 1157 1710 tuam
1170 1653 1373 1710 indubitanter
1397 1654 1548 1726 pertinent
1561 1653 1600 1709 ad
1613 1652 1776 1708 Ecclesiam
1791 1653 1900 1706 Braca-

196 1745 228 1802 in
242 1743 321 1801 dicto
336 1749 366 1800 et
380 1743 411 1799 in
436 1748 569 1816 tempore
594 1747 623 1798 et
642 1741 672 1797 in
687 1741 763 1798 loco.
780 1743 936 1808 Praeterea,
954 1757 1021 1797 cum
1037 1735 1062 1800 B
1077 1759 1206 1800 rensem.
1224 1743 1374 1815 Scriptura
1388 1758 1505 1814 quoque
1521 1742 1662 1798 Lucensis
1685 1740 1815 1808 concilii,
1833 1757 1902 1810 quse

195 1834 265 1890 talis
285 1831 433 1889 sententia
447 1847 509 1886 non
530 1829 714 1902 intelligatur
729 1845 819 1901 super
840 1830 1020 1902 proprietate
1077 1831 1247 1888 continetur
1261 1831 1291 1887 in
1306 1831 1383 1887 libro
1404 1848 1423 1887 a
1438 1837 1487 1887 tua
1502 1836 1585 1903 parte
1608 1829 1764 1902 producto,
1788 1828 1904 1885 indicat

195 1922 290 1980 tuisse
313 1920 430 1995 prolata
453 1919 538 1992 (Quia
560 1918 702 1992 presumi
725 1934 785 1973 uon
801 1917 1020 1991 debetutapo·
1075 1921 1131 1976 bos
1159 1925 1287 1992 quatuor
1314 1921 1512 1992 episcopatus,
1536 1919 1700 1977 secundum
1724 1917 1904 1974 divisionem

197 2010 309 2068 stulicae
334 2008 414 2066 sedis
439 2007 556 2081 legatus
585 2013 646 2064 tam
672 2005 799 2062 arduum
827 2007 978 2079 negotium
993 2012 1023 2064 et
1076 2025 1166 2080 quam
1175 2010 1257 2076 lacis,
1270 2009 1307 2066 ad
1319 2010 1530 2066 Bracarensem
1540 2008 1728 2080 metropolim
1738 2007 1903 2079 pertinere.

197 2097 330 2167 dilucile,
346 2096 428 2154 velut
443 2096 646 2154 indiscussum
661 2095 758 2152 subito
773 2095 938 2164 diftluierit,
953 2114 1021 2153 cum
1076 2098 1169 2162 Quam
1184 2098 1274 2154 etiam
1286 2097 1461 2153 divisionem
1475 2098 1668 2154 tresllomaui
1682 2095 1842 2168 pontifices
1857 2095 1905 2150 di-

198 2189 289 2246 etiam
304 2203 372 2260 pars
388 2191 438 2243 tua
449 2191 552 2258 postea
566 2184 682 2241 litteras
694 2185 871 2257 apostolicas
881 2185 1021 2258 impetra·
1076 2193 1185 2244 cuntur
1199 2187 1231 2242 in
1250 2187 1412 2260 privilegiis
1427 2187 1600 2243 Bracarensi
1624 2185 1762 2242 Ecclesiae
1786 2184 1904 2241 conflr-

198 2278 250 2349 rit,
267 2276 375 2349 quibus
399 2275 533 2332 districte
558 2273 786 2346 precipiebatur
799 2274 1022 2347 archiepiscope
1076 2291 1185 2332 masse.
1199 2274 1382 2332 Pluralitatis
1397 2291 1516 2346 quoque
1529 2275 1615 2344 ratio,
1632 2273 1796 2331 secundum
1810 2289 1905 2344 quam

200 2365 375 2424 Bracarensi
388 2368 423 2421 ut
438 2364 493 2420 bos
508 2363 696 2436 episcopatus
711 2363 952 2436 compostellano
970 2380 1022 2420 ar-
1077 2364 1186 2421 dicitur
1196 2365 1267 2436 quia
1281 2363 1420 2436 prevalet
1434 2365 1582 2420 sententia
1596 2364 1805 2436 plurimorum,
1821 2363 1903 2418 divi-

201 2455 390 2528 ehiepiscopo
404 2454 575 2511 restitueret
584 2458 614 2508 et
628 2453 706 2508 facta
719 2452 918 2521 restitutione,
934 2453 959 2508 si
974 2469 1022 2508 su·
1078 2453 1176 2511 siones
1191 2470 1271 2522 suas,
1287 2470 1353 2524 que
1368 2453 1455 2526 longe
1469 2452 1571 2526 plures
1585 2457 1656 2508 sunt
1669 2467 1805 2520 numero,
1822 2467 1903 2523 prae·

202 2545 322 2618 perhoc
336 2559 422 2617 egere
432 2540 639 2611 vellet,ordine
650 2547 752 2614 posset
762 2541 922 2614 judiciario
933 2558 1022 2614 erpe—
1077 2543 1135 2599 lert
1144 2542 1339 2599 divisionibus
1354 2542 1447 2614 partis
1462 2548 1530 2598 tue.
1547 2540 1604 2597 Sed
1618 2546 1648 2597 et
1657 2541 1773 2598 ratione
1783 2546 1904 2613 tempo-

200 2633 277 2706 riri),
292 2637 373 2706 patet
388 2630 468 2704 quod
482 2630 535 2686 illa
554 2630 703 2686 sententia
725 2645 814 2702 super
834 2631 1023 2702 possessione
1077 2631 1180 2688 rumai
1193 2632 1203 2704 [
1214 2634 1239 2700 s.
1254 2631 1323 2701 tibi]
1334 2636 1511 2703 perpetuum
1525 2630 1676 2687 silentium
1687 2629 1843 2702 imponere
1854 2629 1902 2685 ni·

108 2765 110 2768 ·
201 2722 346 2780 dumam
363 2737 453 2779 0³¹¹ssst
476 2720 669 2776 ⁰0ss²¹¹mflssi⁸³
684 2718 741 2775 fuit
764 2719 842 2776 Ῑὶῑῑᾶῐ
868 2719 947 2792 ‘1¹10d
967 2719 1023 2790 ipsi
1078 2729 1214 2797 tebatur;
1230 2728 1748 2800 eumaprimoBraearensiconsilio
1759 2727 1902 2799 usquead

201 2825 292 2877 testes
303 2819 397 2892 magis
408 2817 507 2874 dicere
517 2816 760 2889 comprobantur.
774 2817 867 2886 Unde,
879 2833 946 2874 cum
958 2819 1025 2874 Bra·
1078 2819 1262 2876 Emeritense
1277 2818 1437 2876 concilium
1452 2818 1643 2890 perspatium
1654 2822 1774 2874 centum
1788 2823 1818 2873 et
1829 2833 1902 2889 sep-

200 2907 332 2968 carensis
342 2905 475 2962 Ecclesia
487 2923 518 2962 se
528 2905 751 2979 posteajudicio
763 2908 986 2978 praesentaverit
996 2912 1026 2964 et
1079 2913 1140 2964 tem
1155 2923 1302 2964 annorum
1314 2908 1370 2963 bos
1380 2911 1507 2980 quatuor
1516 2907 1904 2980 episcopatusBracareusis

201 3012 291 3054 causa
305 2994 496 3070 postmodum
516 2993 606 3051 fuerit
621 2994 657 3050 ab
673 2995 836 3069 apostolica
850 2995 920 3052 sede
942 3013 1024 3052 com·
1080 2997 1213 3054 Ecclesia
1233 2996 1357 3053 deberet
1380 2997 1560 3068 possedisse.
1583 2998 1757 3068 Alempore
1781 3011 1903 3067 quoque

201 3085 305 3154 missa,
319 3100 405 3142 mora
415 3089 540 3158 purgata
553 3083 621 3140 talis
633 3084 781 3140 sententia
794 3084 962 3157 exspiravit.
973 3085 1024 3141 llis
1040 3115 1066 3181 C
1081 3087 1232 3143 Paschalis
1247 3087 1283 3155 ll,
1294 3087 1345 3157 qui
1359 3086 1413 3141 bos
1428 3085 1615 3158 episcopatus
1629 3085 1841 3158 redintegravit
1850 3087 1905 3140 Ec-

202 3174 328 3248 aliisque
336 3172 502 3231 rationibus
512 3172 773 3229 intentionemtuae
779 3172 1027 3246 partismultipli-
1081 3176 1178 3235 clesiae
1202 3175 1386 3242 Bracarensi,
1402 3191 1498 3246 usque
1517 3173 1553 3230 ad
1568 3180 1704 3247 tempora
1718 3175 1808 3230 trium
1819 3173 1906 3247 judi·
1980 3223 1981 3232 ,

203 3267 279 3323 citer
288 3263 398 3321 elidere
409 3260 570 3318 nitebatur.
581 3260 875 3329 Unde,licetauctore
885 3277 946 3317 non
957 3279 1027 3334 pro·
1080 3283 1148 3322 cum
1163 3265 1271 3336 quibus
1284 3266 1348 3321 berc
1358 3281 1448 3322 causa
1463 3264 1519 3320 fuit
1529 3264 1624 3337 primo
1639 3264 1809 3331 commissa,
1826 3281 1903 3335 pras-

203 3355 304 3425 hante,
319 3356 345 3412 is
355 3352 407 3426 qni
417 3353 601 3422 convenitur,
616 3353 642 3408 ei
653 3352 677 3408 si
691 3352 765 3408 nibil
776 3352 957 3423 praestiterit,
973 3353 1027 3409 ab·
1079 3355 1251 3428 scriptionis
1266 3359 1384 3427 tempus
1403 3360 1519 3410 constat
1532 3354 1624 3410 luisse
1640 3353 1833 3425 completum,
1850 3369 1905 3425 per

204 3445 345 3512 solvetur,
369 3442 407 3499 ad
430 3441 646 3498 ostendendam
662 3445 761 3498 tamen
784 3441 948 3498 evidentius
964 3459 1024 3498 suae
1079 3445 1159 3518 quod
1174 3444 1305 3502 Ecclesia
1329 3444 1517 3500 Bracarensis
1543 3443 1597 3499 bos
1617 3443 1804 3515 episcopatus
1815 3443 1904 3515 juxta

202 3532 296 3608 partis
306 3531 466 3606 justitiam,
483 3531 538 3588 hos
552 3530 740 3604 episcopatus
754 3529 792 3586 ud
813 3531 1023 3587 Bracarensem
1077 3551 1162 3591 suam
1173 3533 1369 3590 assertionem
1392 3533 1569 3588 inconcusse
1588 3531 1729 3603 possedit
1746 3532 1903 3604 Rescripta

202 3621 394 3696 metropolim
404 3619 553 3693 pertinere
564 3619 891 3694 satagebatostenderc,
901 3621 1023 3693 perpri·
1077 3638 1197 3696 quoque
1212 3621 1363 3678 Pascbalis
1384 3621 1560 3678 transmissa
1574 3621 1715 3677 Toletano
1730 3618 1901 3693 archiepis·

201 3709 450 3785 vilegiavidelicet
462 3715 491 3765 et
502 3709 640 3778 concilia,
652 3709 853 3767 consessiones
865 3716 895 3767 et
904 3709 1023 3766 divisio·
1077 3728 1151 3785 copo
1165 3717 1195 3768 et
1209 3711 1348 3784 episcopo
1373 3709 1592 3778 colimbriensi,
1613 3708 1650 3764 de
1665 3709 1775 3782 quibus
1790 3715 1837 3766 est
1850 3727 1903 3766 su-

198 3816 264 3868 nes,
280 3797 520 3872 praescriptiones
530 3803 561 3854 et
573 3797 781 3855 instrumenta.
797 3799 826 3854 Si
837 3799 917 3856 enim
932 3799 1022 3871 privi·
1076 3802 1177 3874 perius
1198 3799 1397 3874 prelibatum,
1414 3799 1554 3871 idipsum,
1570 3803 1603 3855 ut
1616 3799 1733 3868 asserit,
1749 3798 1903 3855 evidenter

198 3887 276 3961 legia
290 3886 452 3960 privilegiis
467 3885 667 3957 conseruntur,
679 3904 733 3942 sua
742 3885 1023 3962 dicebatprivilegia
1077 3889 1249 3947 ostendunt.
1266 3891 1356 3945 Porro
1370 3894 1402 3944 tu
1416 3887 1618 3961 respondebas
1633 3887 1713 3960 quod
1726 3893 1795 3960 pust
1808 3887 1901 3944 latam

199 3976 308 4033 debere
319 3974 465 4048 praelerri,
481 3975 683 4047 cumetplura
695 3976 902 4046 sintnumero,
919 3976 1022 4033 decem
1076 3997 1129 4053 pro
1146 3985 1173 4036 te
1188 3978 1225 4036 ab
1238 3977 1410 4050 apostolicas
1426 3977 1505 4033 sedis
1519 3976 1614 4052 legato
1635 3978 1826 4044 sententiam,
1837 3977 1902 4049 jam

198 4064 337 4122 videlicet
355 4065 556 4120 Romanorum
580 4063 765 4134 pontificum,
781 4065 861 4121 inter
875 4082 940 4138 quea
956 4072 1023 4139 post
1076 4085 1136 4124 non
1149 4067 1300 4123 tenebaris
1312 4066 1349 4123 ad
1363 4066 1479 4122 basaut
1491 4067 1565 4122 alies
1578 4066 1785 4137 rationesque
1796 4071 1904 4123 contra

198 4154 256 4210 tria
270 4151 423 4226 privilegia
437 4150 589 4208 Pascbalis
603 4152 639 4220 ll,
655 4159 701 4208 est
714 4159 744 4210 et
757 4153 943 4228 privilegium
968 4156 1023 4212 Ca·
1076 4158 1119 4214 rei
1127 4156 1270 4230 judicate
1281 4157 1487 4212 auctoritatem
1501 4154 1719 4212 inducebantur
1728 4154 1843 4228 aliquid
1855 4173 1903 4211 re-

197 4242 263 4299 Ῑῑῐῖῑ
273 4258 368 4316 ΡᾶΡθ»
381 4240 618 4314 l⁰i⁰⁰ffliffl¹fim
630 4241 881 4315 h⁰⁵sslli⁵⁰⁰l³²l²¹¹s
892 4243 1022 4300 redime·
1077 4255 1243 4327 spondere;
1260 4255 1317 4310 nisi
1333 4252 1414 4325 quud
1428 4254 1493 4310 sine
1509 4253 1682 4327 praejudicio
1693 4260 1755 4323 tuo,
1779 4252 1852 4310 licet
1867 4271 1902 4308 cx

198 4341 292 4415 gravit
305 4345 335 4396 et
348 4338 534 4396 confirmavit
544 4338 683 4394 Ecclesiae
692 4340 874 4396 Bracarensi.
892 4340 1022 4406 Quorum
1076 4342 1242 4402 abundanti
1258 4343 1427 4399 satisfacere
1439 4342 1617 4412 sustinebas,
1629 4358 1766 4399 asserens
1781 4359 1903 4415 posses-

196 4430 336 4488 videlicet
347 4427 566 4503 privilegiorum
581 4432 695 4500 septem
711 4433 782 4484 sunt
795 4428 1021 4503 redintegratio·
1077 4431 1192 4489 sionem
1208 4432 1397 4488 Bracarensis
1415 4431 1554 4488 Ecclesia
1573 4449 1627 4504 per
1642 4438 1732 4488 testes
1751 4448 1812 4488 non
1835 4449 1903 4488 esse

196 4519 244 4576 nis
254 4523 284 4574 et
296 4515 545 4586 confirmationis3
558 4517 614 4573 tria
627 4532 695 4574 vero
707 4519 872 4589 sequentia,
882 4518 1020 4576 videlicet
1034 4497 1061 4564 Ῑ)
1078 4523 1242 4597 probatam,
1252 4540 1319 4579 cum
1330 4522 1449 4596 quidam
1462 4523 1582 4578 testium
1592 4521 1845 4595 adprobationem
1855 4523 1902 4580 in·

196 4605 320 4679 Eugenii
335 4611 366 4661 et
376 4605 511 4674 Adriani,
528 4610 558 4660 et
566 4605 737 4676 Alexandri,
754 4613 824 4664 sunt
838 4608 929 4664 etiam
943 4625 1019 4664 con·
1074 4613 1231 4668 veniuntur
1252 4611 1385 4680 inutiles,
1401 4611 1453 4668 alii
1467 4627 1535 4668 vero
1550 4611 1715 4683 probentur
1728 4611 1902 4668 mendaces.

197 4693 1019 4770 cessionisperpetuae,perquaetotumvideturuegotium
1075 4701 1191 4758 littere
1202 4717 1322 4774 quoque
1338 4700 1499 4766 Paschalis,
1511 4700 1765 4773 quibuscamdem
1779 4717 1904 4773 posses-

198 4781 335 4840 difliniri.
355 4782 389 4837 ln
404 4780 535 4838 secundo
557 4799 625 4840 vero
640 4784 814 4842 Bracarensi
830 4786 967 4855 concilio,
984 4787 1020 4842 de
1075 4791 1190 4846 sionem
1222 4796 1355 4847 astruere
1395 4789 1557 4864 satagebat,
1590 4791 1772 4846 contrarium
1799 4792 1903 4862 potius

199 4889 257 4946 quo
271 4887 331 4928 non
343 4869 838 4944 dubitaturquinsitautbenticum,
850 4875 1021 4932 continetur
1075 4886 1207 4936 astruere
1221 4880 1406 4936 videbantur.
1430 4879 1487 4936 Sed
1512 4884 1543 4936 et
1565 4879 1723 4952 privivegia
1746 4879 1902 4936 Pascbalis

199 4957 598 5034 expressumquodepiscopi
608 4959 752 5018 Galleciae
763 4964 898 5020 cumanis
910 4969 1021 5020 metro·
1075 4969 1221 5042 ejusdem,
1236 4985 1302 5041 que
1318 4986 1378 5024 suae
1393 4969 1597 5025 concessionis
1615 4969 1803 5042 priuilegium
1822 4987 1903 5042 prra-

196 5049 338 5124 politanis
351 5048 388 5105 ad
401 5047 476 5105 illud
491 5049 651 5106 concilium
662 5058 873 5122 convenerunt,
885 5059 915 5110 et
929 5053 960 5110 in
970 5070 1019 5110 eo·
1074 5063 1238 5126 cesserunt,
1253 5058 1285 5112 in
1307 5057 1410 5113 multis
1439 5058 1687 5130 reprehensibilia
1714 5058 1900 5126 denotabas;

195 5157 263 5198 rum
287 5137 494 5196 numeratione
518 5137 567 5193 isti
587 5143 715 5209 quatuor
738 5142 930 5198 continentur
945 5159 952 5210 ;
968 5143 1019 5214 qui
1074 5147 1171 5221 primo
1187 5145 1351 5202 secundum
1366 5145 1552 5219 formam,et
1563 5147 1595 5202 in
1609 5146 1692 5204 bulla
1708 5153 1739 5203 et
1751 5148 1783 5203 in
1799 5147 1900 5221 scrip-

196 5235 265 5304 post
278 5232 388 5286 statuta
399 5225 517 5284 concilii
531 5243 599 5283 cum
615 5227 681 5284 aliis
696 5231 879 5303 coepiscopis
894 5237 954 5286 mm
969 5247 1020 5287 ex·
1075 5241 1162 5303 tura;
1179 5235 1308 5292 secundo
1319 5235 1406 5308 juxta
1420 5235 1634 5292 continentiam
1652 5242 1681 5292 et
1694 5236 1725 5292 in
1741 5253 1901 5293 enumera-

196 5334 298 5392 presse
323 5315 522 5374 subscribunt.
541 5315 623 5371 Unde
644 5317 757 5388 liquido
780 5325 882 5390 patere
904 5318 1020 5376 dicebat
1074 5323 1155 5380 boue
1167 5323 1283 5380 sedium
1294 5330 1323 5380 et
1337 5323 1368 5379 in
1378 5322 1507 5381 salsitate
1517 5325 1751 5398 suggestionum.
1767 5327 1901 5382 Persona

195 5403 277 5476 ,quod
292 5403 482 5461 eszllecire
494 5408 564 5459 sunt
574 5404 731 5475 provinciae
743 5406 818 5463 etad
831 5407 1018 5481 metropolim
1074 5429 1192 5486 quoque
1208 5429 1274 5485 quae
1289 5412 1343 5471 illa
1362 5413 1526 5486 privilegia,
1537 5413 1675 5472 videlicet
1688 5413 1855 5472 secundum
1871 5421 1901 5471 et

196 5493 348 5566 pertinent
359 5493 581 5550 bracarensem.
598 5493 757 5552 &infessus
767 5512 799 5552 es
811 5496 901 5553 etiam
915 5497 1019 5576 tuipse
1073 5502 1205 5570 tertium,
1221 5499 1374 5573 impetravi
1380 5506 1398 5572 t,
1415 5501 1520 5559 merito
1532 5520 1593 5561 sua
1602 5503 1755 5578 pravitatis
1767 5502 1901 5560 reddidit

1074 5591 1128 5647 illa
1151 5594 1298 5664 suspecta,
1320 5589 1475 5650 Mauritius
1498 5594 1623 5668 scilicet,
1647 5594 1698 5667 qui
1716 5599 1821 5669 postea
1840 5593 1901 5650 init
