3952 6062
56 269 110 326 569
563 267 816 326 renuncians
834 267 933 326 ANNO
952 267 989 336 11,
1009 267 1149 326 CHRISTI
1167 265 1247 328 lito.
1723 271 1775 326 570

61 395 271 454 etW.Balbum
279 395 656 454 Mediolanencanonicum
668 399 893 468 procuratorem
907 398 937 464 Α
951 393 1029 466 quod
1038 409 1055 450 a
1065 393 1350 472 mediapartesigilli
1360 395 1522 469 apparebat
1532 394 1668 468 quadam
1678 395 1775 470 imago
1795 458 1797 466 s

61 489 147 540 tuum
162 485 285 541 nomine
300 485 496 542 Mediolanen.
513 483 785 557 archiepiscopatus
798 502 835 542 ex
847 484 892 541 al·
946 499 1094 540 nonaum
1105 486 1195 542 mitra
1210 485 1241 542 in
1256 486 1353 559 capite
1368 485 1420 542 sed
1435 501 1503 542 cum
1511 484 1600 558 pileo,
1610 501 1665 542 uec
1673 483 1778 542 induta

61 578 137 642 tera,
149 589 239 646 super
258 573 401 647 subjectis
416 573 562 642 articulis,
577 572 629 629 diu
652 573 708 630 luit
733 574 764 632 in
788 578 892 631 nostro
946 571 1167 643 pontificalibus
1181 574 1235 630 sed
1254 574 1414 650 regalibus,
1430 579 1536 630 tenens
1559 573 1590 629 in
1605 589 1696 630 mauu
1712 589 1773 630 non

60 662 210 719 auditorio
224 662 382 734 litigatum.
396 662 520 720 Petebat
534 661 683 736 siquidem
693 661 789 720 dictus
802 663 893 720 abbas
947 659 1087 716 baculum
1095 663 1276 734 pastoralem
1286 663 1338 720 sed
1349 665 1433 734 quasi
1445 668 1595 736 sceptrum
1603 662 1713 736 regale,
1724 680 1776 720 cu·

61 751 364 808 nominemonasterii
376 752 476 808 Sancti
487 752 592 808 Donati
603 751 640 806 de
653 752 894 824 Sextoaprasiato
944 749 995 822 jus
1009 749 1101 806 iacies
1115 768 1176 808 non
1191 753 1353 826 apparebat
1366 753 1482 826 integra
1498 752 1550 809 sed
1562 751 1697 822 dimidia,
1709 757 1776 808 tan·

61 845 255 913 procuratore
271 845 322 896 tuo
338 842 459 898 nomine
474 841 673 898 llediolanen.
690 841 831 898 Ecclesia
846 858 894 897 re·
949 854 1039 911 quam
1054 839 1086 896 in
1101 841 1161 898 alia
1174 841 1333 900 medietate
1344 842 1507 916 respiceret
1522 841 1577 912 (21)
1597 840 1686 897 aliam
1712 859 1778 913 quae

61 930 147 987 stitui
163 930 345 988 monasterio
367 934 532 987 memorato
554 936 674 1003 portum
690 929 817 988 Scozulae
834 931 895 988 sive
950 933 1215 987 tamentotavaoua
1224 932 1413 1000 remanebat;
1425 929 1477 988 sed
1484 930 1621 1002 quadam
1632 931 1728 1002 imago
1737 931 1778 986 vi·

62 1020 156 1088 Sexti,
172 1035 240 1075 cum
251 1019 375 1088 honora,
389 1018 526 1076 districtu
541 1025 571 1076 et
586 1019 797 1092 jurisdictione
819 1036 897 1093 praa·
952 1021 1077 1078 debatur
1090 1036 1125 1076 ex
1140 1037 1175 1076 aa
1188 1021 1280 1078 luisse
1296 1020 1404 1090 deleta,
1421 1020 1491 1092 quia
1506 1025 1587 1076 ceria
1602 1020 1633 1075 in
1649 1036 1684 1076 ea
1694 1025 1777 1092 parte

61 1109 116 1165 sati
126 1107 185 1164 loci
196 1108 441 1178 etcastellantia,
452 1108 555 1165 dicens
565 1108 826 1166 admonasterium
833 1109 897 1167 huso
950 1126 1007 1167 nec
1020 1110 1053 1165 in
1068 1108 1166 1165 colore
1182 1125 1237 1165 nec
1252 1109 1283 1164 in
1299 1109 1424 1182 planitie
1438 1107 1561 1180 reliqua
1577 1107 1654 1180 parti
1670 1107 1779 1164 similis
1871 1162 1874 1173 ,

66 1199 396 1271 omniapertinere,hoc
406 1197 658 1270 ipsnmdicensde
666 1198 838 1256 hominibus
846 1203 898 1270 qui
951 1197 1122 1270 apparebat.
1135 1197 1217 1254 Unde
1228 1214 1289 1253 non
1299 1197 1432 1272 episcopi
1441 1196 1493 1252 sed
1504 1195 1779 1269 imperatorisvide-

67 1288 253 1344 habitantia
268 1291 351 1344 curte
375 1287 483 1342 Baveni
501 1291 529 1342 ei
544 1291 648 1344 tenent
662 1304 710 1344 res
725 1287 898 1344 monasterii
951 1286 1039 1342 batur
1052 1285 1144 1342 luisse
1155 1285 1297 1360 sigillum,
1312 1285 1431 1358 quodin
1442 1301 1503 1341 uua
1512 1283 1671 1340 medietate
1682 1285 1777 1340 Caesa·

62 1375 897 1450 memorati,scilicetinGralia,Garpuneno‚Vssterpeno‚
952 1374 1780 1448 risimaginemexprimebatetinalteramedietateprae-

63 1465 278 1537 Cadempleno‚
298 1465 416 1522 Baveno
433 1469 463 1520 et
472 1465 573 1521 Insula
582 1466 728 1538 superiori
744 1466 898 1540 Bolgerate
953 1465 1126 1522 sumebatur
1136 1465 1181 1520 vel
1193 1465 1299 1522 liliivel
1309 1459 1616 1538 conjugis'imaginem
1628 1463 1779 1522 habuisse.

66 1573 103 1612 ac
119 1556 207 1614 Lisia.
223 1557 331 1612 Petens
342 1554 431 1611 etiam
442 1561 475 1611 ut
484 1555 641 1612 Mediolan.
656 1556 898 1628 archiepiscopus
953 1558 1025 1611 Nam
1033 1561 1062 1610 et
1070 1555 1100 1610 in
1112 1555 1175 1627 ipso
1187 1555 1284 1629 sigillo
1291 1552 1781 1626 nullaealiaelittereaapparebant,

66 1651 202 1704 cessaret
215 1645 251 1700 ab
260 1645 476 1718 inquietatione
487 1646 645 1702 hominum
658 1647 709 1718 qui
720 1645 856 1702 habitant
866 1645 898 1702 in
954 1644 1010 1700 nisi
1025 1661 1090 1716 quas
1106 1660 1217 1700 nornen
1227 1645 1382 1718 proprium
1397 1661 1466 1700 cum
1481 1644 1536 1700 hac
1549 1642 1716 1716 adjectione
1732 1644 1782 1698 Det

64 1737 134 1794 loco
150 1736 257 1792 Baveni
271 1752 361 1807 super
375 1750 480 1790 manso
493 1735 529 1792 de
544 1735 643 1804 Curta,
657 1735 693 1792 de
709 1734 818 1808 quibus
833 1752 897 1790 mo·
912 1767 938 1832 Β
953 1736 1046 1804 pratia
1061 1732 1265 1807 designabant.
1283 1732 1339 1789 Sed
1354 1750 1422 1789 curn
1438 1733 1592 1806 proprium
1608 1748 1719 1788 nomen
1736 1731 1782 1804 ip-

64 1825 233 1882 nasterium
244 1824 416 1880 obtinuerat
426 1824 457 1879 in
467 1823 897 1897 judiciopossessorioffltt)per
953 1824 1014 1880 sius
1039 1823 1170 1897 episcopi
1184 1822 1275 1879 fuerit
1293 1821 1459 1892 luitardus,
1477 1822 1508 1878 in
1524 1823 1645 1878 nomine
1660 1821 1780 1894 proprio

66 1914 249 1972 sententiam
263 1913 395 1985 episcopi
421 1914 565 1970 veronen.
581 1914 655 1970 Item
670 1919 702 1970 ut
716 1919 847 1970 cessaret
861 1913 896 1970 ab
952 1913 1032 1986 quod
1047 1911 1231 1985 exprimebat
1245 1911 1376 1986 sigillum
1393 1910 1497 1968 deletae
1516 1911 1635 1968 fuerant
1649 1909 1715 1966 duas
1730 1908 1781 1964 lit-

64 2002 284 2075 inquietatione
310 2002 499 2070 vicariorum,
522 2001 551 2056 id
568 2007 622 2070 est,
648 2002 854 2060 communium
869 2006 899 2058 et
953 2006 1040 2058 terae:
1056 2001 1196 2070 secunda,
1223 2017 1289 2074 quae
1306 2000 1402 2058 luerat
1425 2000 1504 2056 inter
1519 2001 1539 2056 L
1553 2004 1582 2056 et
1595 2001 1626 2068 T,
1643 2003 1781 2067 etsexta,

66 2089 260 2147 terrarumin
270 2089 420 2146 territorio
436 2089 513 2146 Sexti
529 2090 589 2146 sive
606 2089 733 2146 Scoaulae
744 2095 773 2146 et
788 2091 819 2145 in
833 2089 898 2162 ejus
953 2108 1019 2164 quae
1033 2090 1130 2148 fuerat
1145 2089 1259 2146 interii
1275 2093 1304 2146 et
1318 2091 1358 2158 V;
1375 2090 1417 2146 ita
1431 2088 1548 2161 quodsi
1564 2087 1696 2144 secunda
1710 2087 1782 2143 fuis·

66 2179 258 2236 castellantia
265 2179 442 2251 positarum,
456 2178 492 2234 ab
503 2178 719 2250 inquietatione
729 2195 848 2252 quoque
859 2179 900 2234 al·
953 2181 1028 2236 setO
1039 2184 1159 2235 etsexta
1172 2179 1311 2249 fuissetl‚
1327 2177 1533 2252 proculdubio
1550 2194 1611 2234 non
1625 2175 1781 2233 Luitardus

65 2268 212 2341 bergarim
221 2268 355 2341 predicti
370 2268 428 2324 loci
444 2268 571 2324 Scoaulae
591 2269 651 2324 sive
672 2267 749 2324 Sexti
765 2274 795 2324 et
819 2268 900 2324 illius
954 2270 1006 2328 sed
1021 2269 1155 2325 lotarius
1170 2267 1328 2342 legeretur.
1345 2267 1429 2334 Quod
1444 2267 1535 2323 etiam
1550 2266 1620 2322 inde
1644 2264 1782 2340 cognosci

67 2359 161 2414 etiam
176 2357 381 2415 castellantiae.
396 2358 508 2412 Rursus
518 2362 552 2412 ut
563 2373 624 2412 non
641 2357 824 2428 inquietaret
835 2372 899 2412 mo·
952 2358 1010 2430 (25)
1021 2361 1147 2430 poterat,
1160 2357 1230 2429 quia
1241 2357 1405 2413 secundum
1417 2355 1645 2428 dispositionem
1655 2354 1782 2410 aliarum

64 2447 234 2504 nasterium
248 2445 433 2502 antedictum
444 2445 725 2517 inpossessionevel
735 2446 820 2517 quasi
830 2461 899 2518 pos·
953 2446 1120 2502 litterarum
1136 2446 1215 2501 inter
1230 2446 1290 2501 Let
1304 2445 1325 2499 T
1338 2460 1399 2500 non
1410 2449 1474 2500 erat
1488 2443 1618 2516 spatium
1628 2443 1687 2498 nisi
1703 2441 1782 2515 quod

65 2537 202 2596 sessione
218 2536 352 2608 piscaria
368 2535 459 2590 totius
476 2549 561 2605 aqua
578 2534 672 2591 Ticini
687 2551 781 2606 usque
796 2534 833 2592 ad
847 2550 899 2591 ra·
954 2534 1101 2607 potuisset
1111 2549 1202 2590 unam
1212 2533 1345 2589 litteram
1356 2532 1522 2600 continere,
1538 2548 1606 2588 cum
1617 2530 1782 2588 secundum

64 2627 147 2680 riam
161 2623 311 2680 Castellati
327 2622 373 2678 vel
387 2621 525 2693 Pigaroli.
542 2624 575 2677 Ei
586 2622 650 2678 hac
665 2623 766 2680 omnia
782 2622 902 2694 petebat
955 2621 1155 2694 integritatem
1166 2620 1256 2693 hujus
1268 2619 1399 2676 nominis
1409 2619 1570 2686 lutardus,
1581 2618 1692 2673 interl
1708 2621 1736 2673 et
1750 2619 1781 2686 T,

66 2730 138 2771 cum
151 2711 291 2768 omnibns
305 2708 450 2766 fructibus
459 2708 529 2766 inde
545 2711 693 2783 perceptis
706 2710 785 2766 salvo
796 2711 827 2766 in
836 2728 902 2766 om·
956 2709 1021 2766 dues
1031 2709 1139 2766 littera
1150 2709 1349 2766 sinidiversae.
1361 2711 1518 2776 Praeterea,
1528 2707 1607 2762 inter
1617 2707 1640 2762 ll
1651 2707 1711 2763 etV
1722 2711 1783 2762 tam

67 2801 160 2858 nibus
170 2801 241 2872 jure
255 2797 384 2854 addendi
396 2797 442 2854 vel
457 2798 614 2855 minuendi
628 2815 634 2854 :
649 2805 786 2874 satagens
801 2800 900 2856 multi·
954 2798 1106 2856 modicum
1118 2798 1331 2871 eratspatium,
1344 2802 1376 2854 ut
1390 2798 1422 2853 in
1435 2814 1470 2852 eo
1484 2813 1546 2852 non
1556 2797 1621 2852 hae
1635 2795 1736 2851 littera
1749 2795 1783 2863 li,

67 2889 191 2962 pliciter
204 2887 399 2959 comprobare
415 2887 517 2944 omnia
527 2904 594 2958 quas
608 2889 763 2960 premissa
778 2889 899 2946 suntad
955 2907 1020 2964 qua
1036 2890 1133 2962 majus
1149 2894 1274 2962 occupat
1289 2889 1429 2962 spatium,
1439 2887 1563 2944 sedhoec
1573 2887 1673 2942 littera
1683 2886 1705 2955 1,
1718 2902 1784 2958 quaa

69 2991 160 3034 suum
174 2975 391 3032 monasterium
401 2975 560 3047 pertinere.
574 2977 684 3048 Primo,
701 2993 756 3050 per
779 2978 899 3050 privile-
953 2979 1111 3036 minimum
1127 2982 1261 3050 occupat,
1276 2977 1427 3034 videretur
1442 2977 1573 3033 formata
1588 2975 1691 3032 fuisse.
1711 2975 1787 3030 Rur-

67 3064 292 3140 giumLuitardi
305 3064 423 3120 comitis
433 3065 584 3136 quondam
595 3067 726 3139 episcopi
734 3068 898 3125 Ticinensis
953 3089 1015 3141 sus,
1030 3087 1098 3127 cum
1112 3087 1180 3127 cera
1191 3070 1281 3143 sigilli
1292 3069 1329 3126 ab
1339 3069 1478 3126 interiori
1488 3073 1571 3141 parte
1584 3067 1786 3124 vetustissima

68 3156 124 3228 qui
140 3153 356 3211 monasterium
368 3152 466 3225 ipsum
476 3151 650 3212 fundaverat
663 3162 692 3212 et
706 3157 807 3228 eiquae
823 3175 899 3230 prae-
914 3129 939 3196 G
954 3164 1042 3228 esset,
1051 3176 1120 3216 cera
1129 3175 1195 3231 quae
1205 3160 1303 3231 posita
1313 3165 1376 3215 erat
1390 3157 1426 3214 ab
1439 3157 1581 3214 exteriori
1592 3161 1686 3228 parte,
1696 3155 1782 3227 quasi

68 3241 901 3318 missasuntdonaveratuniversa.Secundoperinstru-
954 3242 1781 3321 adconservationemsigilli,recenseratetmollis.Quod

69 3336 206 3390 mentum
221 3331 377 3388 sententia
393 3332 509 3403 Aspcrti
522 3332 672 3404 quondam
687 3334 899 3392 llediolanar-
955 3354 1021 3394 cum
1031 3333 1786 3410 diligenterinvestigatumluisset‚certocertiusest

69 3420 266 3493 chispiscopi‚
279 3436 411 3492 quamex
421 3419 606 3493 delegatione
615 3420 901 3495 lodoiciimperato-
955 3420 1784 3498 compertumquodsubvetustosigillochartalueratper·

68 3511 113 3568 ris
129 3509 198 3566 tulit
212 3525 265 3581 pro
277 3509 459 3567 monasterio
471 3509 629 3582 sepedicto
641 3527 730 3583 super
740 3511 786 3568 his
797 3517 902 3570 contra
969 3519 1053 3571 orata
1062 3519 1092 3570 et
1101 3530 1154 3586 per
1162 3513 1311 3586 glutinum
1321 3529 1402 3569 novas
1414 3527 1500 3578 ceras,
1512 3507 1785 3582 quasueratposita

68 3601 129 3674 (21)
140 3597 435 3673 Nottingumpraiati
446 3597 577 3656 luitardi
588 3604 738 3672 nepotem,
749 3601 800 3672 qui
812 3618 902 3675 super
957 3604 1096 3672 exterius,
1106 3603 1191 3674 quasi
1200 3601 1237 3658 ad
1246 3602 1501 3658 conservationem
1509 3597 1720 3672 sigilli‚vitiose
1731 3594 1787 3651 luit

71 3689 118 3746 eis
130 3687 308 3744 molestabat
320 3687 545 3744 monasterium.
560 3688 669 3757 Tertio,
683 3705 736 3761 per
748 3689 902 3764 privilegia
956 3692 1013 3766 ipsi
1024 3691 1348 3764 chartaeconjunctum.
1358 3688 1613 3746 Eademialsitatis
1622 3685 1788 3759 speeie,per

72 3781 161 3835 Rom.
175 3777 389 3850 imperatorum
404 3780 434 3832 et
447 3776 614 3850 prasertim
630 3778 758 3848 ilenrici,
768 3779 818 3851 qui
829 3797 902 3852 praa·
956 3783 1092 3838 vitiosam
1108 3781 1247 3836 videlicet
1260 3778 1480 3852 appositionem
1494 3777 1596 3850 sigilli,
1608 3780 1716 3832 cratera
1725 3773 1786 3829 fere

73 3865 470 3924 missaomniamonasterio
483 3866 702 3924 confirmabant
716 3872 746 3924 et
762 3868 902 3926 coniere—
956 3871 1108 3944 privilegia
1132 3872 1217 3926 Rom.
1235 3869 1460 3942 imperatorum,
1476 3871 1585 3941 prater
1599 3864 1786 3938 privilegium

72 3955 733 4027 bant.Quarto,perinstrumentalocationum
742 3957 903 4030 quasiece-
957 3961 1074 4016 llenrici
1085 3959 1130 4016 rel
1145 3959 1220 4016 salsa
1235 3963 1355 4033 reperta
1365 3963 1434 4014 sunt
1444 3957 1491 4012 vel
1504 3955 1620 4012 falsata.
1633 3953 1688 4009 Sed
1701 3957 1730 4008 et
1741 3952 1785 4024 ip-

73 4043 414 4116 rantdirersispersonis
423 4044 544 4102 abbates
552 4046 725 4102 monasterii
734 4049 901 4104 memorati.
958 4067 1024 4106 sum
1035 4050 1153 4106 ilenrici
1165 4048 1351 4122 privilegium
1363 4047 1400 4104 ad
1412 4047 1502 4103 lldem
1517 4042 1710 4102 astruendam
1726 4057 1786 4096 non

77 4132 904 4208 Testesquoqueproduxerat,perquosnitebaturproba·
958 4140 1111 4196 videbatur
1120 4133 1786 4210 susilcere;quianeccratpublicamanucon·

74 4221 757 4296 requodmonasteriumasexaginta(22)annis
766 4224 843 4283 infra
852 4233 904 4284 eta
956 4229 1067 4285 fectum
1079 4243 1134 4284 nec
1145 4227 1281 4301 sigillum
1297 4225 1425 4282 habebat
1435 4222 1651 4288 authenticum,
1663 4236 1697 4275 eo
1710 4218 1789 4290 quod

74 4311 293 4385 quinquaginta
308 4310 396 4366 annis
407 4316 436 4366 et
445 4327 535 4382 supra
543 4315 679 4368 tenuerat
689 4317 719 4370 et
730 4314 904 4386 possederat
957 4306 1728 4389 eratexmediaiereparteconsumptum,necplusde
1737 4323 1786 4361 no·

75 4401 179 4458 omnia
193 4398 405 4472 supradicta‚et
417 4401 496 4471 quod
505 4399 584 4458 lama
592 4401 712 4473 publica
721 4409 785 4459 erat
795 4419 830 4460 ea
842 4421 904 4460 om·
958 4407 1039 4463 mine
1052 4406 1183 4478 proprio,
1202 4405 1261 4460 nisi
1277 4403 1383 4460 ultima
1397 4401 1554 4466 medietas,
1572 4397 1786 4462 videlicettcus‚

75 4491 127 4548 nia
141 4487 263 4562 praefato
279 4491 459 4546 monasterio
476 4505 493 4545 a
504 4490 649 4562 jamdicto
661 4492 901 4550 Luitardoluisse
918 4499 944 4564 D
960 4513 1015 4552 nec
1026 4495 1062 4550 de
1075 4495 1189 4551 caeteris
1201 4493 1309 4550 litteris
1324 4491 1382 4547 nisi
1397 4490 1461 4546 brac
1475 4487 1615 4560 adjectio,
1631 4488 1681 4542 Dei
1695 4487 1788 4555 pratia

76 4577 197 4633 donata.
215 4576 271 4632 Sed
286 4582 390 4633 contra
414 4577 600 4650 privilegium
622 4577 792 4636 donationis
815 4582 871 4655 (23)
888 4599 905 4640 a
959 4583 1169 4656 comparebat;
1182 4579 1471 4654 itaquodexlitteris
1483 4576 1554 4649 ipsis
1565 4573 1726 4646 nonmagis
1738 4590 1788 4646 po·

75 4665 199 4739 prealato
223 4672 415 4737 procuratore
439 4671 489 4722 tuo
515 4667 610 4723 multa
633 4667 755 4725 luerunt
776 4669 903 4743 objecta.
961 4677 1037 4729 terat
1047 4671 1233 4744 comprobari
1244 4670 1336 4726 luisse
1355 4667 1486 4742 sigillum
1497 4666 1615 4722 Henrici
1631 4681 1721 4736 quam
1737 4665 1790 4720 Lo·

76 4755 261 4828 Primo,quia
272 4755 312 4810 ibi
325 4757 453 4812 maxime
461 4756 623 4827 apparebat
631 4761 905 4830 consumptum,ubi
961 4753 1790 4830 doici.lnstrumsntumquoquesententtaemultismodis

77 4845 226 4919 potuisset
248 4844 363 4902 salsitas
378 4845 496 4902 facilius
510 4846 706 4918 deprehendi,
724 4848 860 4906 videlicet
874 4851 906 4906 in
960 4849 1169 4908 inveniebatur
1179 4853 1366 4920 suspectum:
1380 4851 1443 4902 tum
1455 4847 1526 4916 quia
1536 4843 1672 4917 quaedam
1684 4843 1714 4898 in
1726 4843 1790 4914 ipso

78 4936 271 4994 annotatione
288 4937 470 4994 indictionis.
485 4937 631 5006 Secundo,
645 4939 715 5010 quia
727 4955 795 4994 cum
806 4940 908 4999 charta
961 4939 1146 5013 apparebant
1161 4937 1268 5006 lituras,
1283 4941 1346 4993 tum
1358 4935 1429 5008 quia
1440 4934 1619 5007 subscriptio
1630 4932 1737 4988 notarii
1748 4931 1790 4984 vi-

77 5025 277 5082 vetustissima
286 5025 445 5094 rideretur,
453 5027 603 5082 recentior
610 5027 908 5101 apparebatscriptu-
962 5029 1087 5086 debatur
1097 5027 1220 5084 alterius
1233 5025 1440 5082 manusluisse
1453 5041 1541 5096 quarn
1551 5019 1731 5092 conscriptio
1742 5019 1790 5073 in·

79 5132 121 5184 ra,
134 5119 277 5187 tanquam
287 5131 347 5172 nun
363 5115 415 5170 illo
432 5120 565 5188 tempore
579 5115 658 5171 iacta
671 5115 786 5174 luisset.
800 5118 907 5188 Tertio,
962 5117 1139 5186 strumenti;
1163 5133 1232 5172 cum
1257 5121 1357 5172 amon
1373 5112 1508 5170 notarius
1524 5112 1555 5167 in
1570 5107 1789 5180 subscriptione

81 5203 907 5277 quietalsumsigillumvitiosevidebaturappositum,eo
962 5207 1153 5281 profiteretur
1165 5222 1196 5262 se
1212 5204 1443 5261 instrumentum
1467 5217 1559 5257 manu
1580 5197 1701 5271 propria
1718 5211 1789 5251 con·

117 5362 175 5438 (²⁰)
190 5360 261 5418 Vide
277 5379 367 5435 supra
380 5362 434 5418 lib·
452 5379 470 5428 ¹.
487 5364 574 5436 epist.
591 5363 635 5419 37.
1000 5368 1056 5440 (23)
1072 5369 1105 5422 ln
1122 5365 1210 5422 tertia
1224 5364 1345 5420 Collect.
1361 5363 1511 5418 donatoris.

117 5437 160 5504 (21
192 5435 225 5488 In
241 5435 329 5516 tertia
344 5433 465 5490 Collect.
482 5437 515 5492 Α.
998 5439 1044 5514 (21
1071 5439 1104 5492 ln
1121 5438 1208 5493 tertia
1222 5436 1343 5492 Collect.
1361 5435 1504 5503 reciperat.

83 5576 101 5634 d
102 5509 171 5634 11(ξὲ
176 5507 223 5632 'ln
238 5511 327 5562 tertia
340 5503 461 5562 Collect.
477 5507 546 5576 XL„
563 5523 662 5563 errore
688 5507 805 5564 librarii
829 5509 908 5567 haud
1000 5513 1044 5584 (25
1071 5511 1105 5565 ln
1119 5509 1208 5565 tertia
1219 5507 1339 5564 Collect.
1354 5505 1465 5576 conjici.
