3948 6070
86 330 139 384 877

88 551 150 614 tan,
163 546 187 600 si
197 545 228 600 id
240 545 271 600 in
282 543 373 601 solius
383 535 522 600 Ecclesiae
538 541 725 598 Novariensis
739 537 920 598 redundaret

88 635 242 708 injuriam,
255 635 324 689 etin
335 634 390 689 boc
406 633 469 706 ipsa
480 630 667 691 solummodo
680 628 918 704 gravaretur.Sed

82 725 148 797 jam
174 721 394 780 scandalizatur
413 723 443 778 in
469 721 550 777 vobis
575 726 604 776 et
619 737 653 777 ex
665 719 746 776 vobis
764 725 826 776 tota
841 737 918 792 pene

87 813 208 886 penitus
224 809 421 878 lombardia;
437 809 518 882 quia,
539 806 610 865 dum
625 809 797 882 pradictum
811 808 917 865 Eccle-

87 903 163 958 siam
179 900 299 968 laeditis,
326 903 449 958 caeteras
474 899 663 972 impugnatis,
681 901 710 954 et
725 915 785 955 non
801 899 917 954 tanturn

84 991 190 1064 ipsius,
205 989 257 1045 sed
274 993 302 1045 et
317 989 454 1045 omnium
476 987 677 1044 Ecclesiarum
702 972 916 1044 machinamini

83 1079 267 1135 servitutem.
286 1077 378 1152 [Licet
392 1083 503 1144 autem,
519 1081 642 1150 propter
656 1077 722 1146 boc,
735 1075 916 1148 Jampridem

82 1169 199 1224 fueritis
215 1167 534 1224 excommunicationis
554 1165 673 1222 vinculo
698 1165 844 1242 innodati,
870 1181 916 1222 ro·

81 1259 179 1314 lentes
208 1263 309 1314 tamen
335 1255 453 1330 plenius
481 1255 608 1328 experiri
634 1271 671 1310 an
698 1250 795 1310 adhuc
819 1255 916 1310 invo-

80 1347 128 1403 bis
156 1347 283 1419 alicujus
306 1342 473 1401 devotionis
501 1343 632 1400 scintilla
660 1345 848 1412 remanserit,
876 1359 914 1399 aa

81 1437 113 1492 in
138 1436 227 1492 corde
248 1442 344 1492 restro
369 1433 475 1490 dicatis
496 1441 564 1490 curn
587 1431 825 1506 insipientibus:
851 1435 913 1489 Non

83 1530 129 1581 est
143 1525 234 1592 Deus,
248 1525 410 1580 universati
427 1529 543 1591 restra,
568 1539 621 1594 per
649 1521 812 1595 apostolica
841 1521 915 1578 seri-

82 1621 151 1688 pta,
181 1615 359 1670 mandamus
387 1618 416 1670 et
445 1612 499 1669 sub
529 1609 619 1668 divini
641 1611 747 1685 judicii
776 1611 914 1666 intermi-

82 1705 205 1761 natione
237 1703 438 1776 prmcipimus,
480 1708 638 1774 quatenus,
679 1699 840 1758 redeuntes
876 1701 912 1756 ad

84 1812 145 1862 cor,
162 1799 191 1848 et
205 1792 284 1865 quod
313 1806 469 1867 perperam
485 1792 604 1865 egeritis
621 1791 821 1860 attendentes,
837 1807 910 1862 pras·

83 1885 162 1940 dicto
179 1883 316 1955 episcopo
333 1885 361 1939 et
376 1881 509 1938 ecclesias
523 1881 703 1948 Novariensi,
723 1896 813 1952 super
826 1879 911 1936 abla-

83 1974 121 2029 tis
151 1971 289 2028 cmnibus
316 1969 345 2027 et
358 1971 476 2044 injuriis
502 1969 649 2044 irrogatis
676 1968 908 2025 satisfactionem

80 2062 247 2136 plenariam
261 2059 452 2134 impendatis.
469 2059 621 2132 Alioquin,
637 2063 745 2131 prater
763 2058 804 2126 id,
829 2058 909 2130 quod

81 2169 142 2219 vos,
154 2167 208 2224 per
217 2148 417 2207 venerabilem
427 2149 548 2205 fratrem
562 2153 696 2204 nostrum
708 2142 908 2204 Mediolanen-

81 2259 145 2296 sem
172 2241 429 2314 arcbiepiscopum
455 2238 524 2312 (20),
550 2243 580 2294 et
604 2237 806 2312 suffraganeos
832 2237 907 2310 ejus,

82 2329 207 2404 singulis
219 2331 323 2386 diebus
335 2329 497 2386 Dominicis
512 2334 541 2384 et
555 2327 678 2395 festivis,
691 2327 815 2400 pulsatis
828 2343 910 2382 cam·

81 2420 168 2492 panis
183 2425 213 2474 et
223 2419 355 2476 candelis
371 2417 515 2485 accensis,
537 2417 807 2472 excommunicatos
823 2431 910 2470 man·

82 2510 188 2565 damus
199 2507 316 2582 publice
328 2503 460 2561 nuntiari
472 2511 501 2560 et
516 2505 663 2564 civitatem
675 2509 802 2559 vestram
816 2503 844 2558 ei
855 2508 910 2557 ter-

83 2616 143 2665 ras,
156 2614 221 2670 quae
233 2595 313 2650 vobis
326 2593 545 2667 responderint,
562 2594 729 2665 suppositas
740 2591 908 2659 interdicto;

83 2687 236 2753 noveritis,
246 2701 300 2739 nos
312 2681 452 2756 capitulo,
468 2681 829 2753 abbatibus,prioribus,et
842 2681 909 2736 uni·

81 2793 167 2831 verso
183 2772 262 2828 clero
278 2770 516 2839 Novariensibus,
543 2787 597 2844 per
611 2770 774 2842 apostolica
788 2770 908 2843 scripta,

80 2865 111 2920 in
125 2864 231 2918 virtute
248 2857 436 2930 obedientia,
453 2857 584 2916 districte
600 2859 800 2932 praecipiendo
824 2875 907 2915 man·

77 2953 177 3022 desse,
195 2955 236 3021 ut,
254 2950 311 3008 nisi
327 2949 405 3006 inira
428 2964 572 3016 mensem,
598 2955 665 3022 post
689 2949 909 3022 susceptionem

75 3042 280 3118 praesentium,
299 3039 473 3097 mandatum
488 3039 603 3095 fueritis
615 3039 811 3112 apostolicum
828 3053 909 3094 exse·

75 3133 147 3200 cuti,
165 3135 282 3198 extunc,
296 3129 327 3184 in
343 3127 546 3186 testImonium
562 3134 665 3184 vestrae
689 3127 901 3200 perversitatis,

80 3220 267 3276 excutientes
291 3219 444 3291 pulverem
470 3212 505 3273 de
528 3213 653 3290 pedihus
668 3217 739 3286 suis,
763 3216 911 3272 civitatem

76 3309 293 3364 Novariensem
308 3305 406 3380 egredi
415 3321 476 3360 non
487 3307 668 3377 postponant
678 3309 707 3359 et
722 3305 798 3359 sicat
813 3303 910 3359 ethni-

77 3415 135 3454 nos
148 3403 176 3452 et
188 3396 375 3469 publicanos,
389 3397 493 3450 vestrae
506 3411 557 3448 vos
566 3393 716 3464 iniquitati
727 3393 909 3464 relinquant

80 3486 165 3551 Quod
181 3487 204 3541 si
221 3502 276 3541 nec
291 3486 332 3539 sic
349 3484 386 3539 ad
400 3485 476 3539 riam
487 3481 644 3554 potueritis
658 3481 845 3538 rectitudinis
860 3494 909 3537 re·

83 3577 191 3643 vocari,
209 3573 306 3630 eidem
318 3573 540 3644 archiepiscopo
556 3563 693 3627 dabimus
718 3572 748 3626 in
763 3569 910 3628 mandatis

83 3672 116 3722 ut
129 3665 165 3721 de
181 3665 297 3721 civitate
313 3668 409 3719 vestra
424 3662 454 3717 in
469 3660 568 3717 lecum
580 3659 721 3716 idoneum
738 3661 909 3718 cathedram

83 3755 244 3811 transierat
254 3753 446 3826 pastoralem,
462 3749 507 3805 vel
522 3750 730 3806 Novariensem
746 3749 908 3816 diaecesim,

82 3845 258 3900 auctoritate
282 3841 375 3897 fretus
399 3839 571 3914 apostolica,
597 3837 707 3895 dividat
731 3845 761 3894 et
785 3839 908 3894 divisam

82 3933 229 4005 episcopis
244 3931 348 3988 vicinis
361 3929 509 4002 assignet3
525 3929 626 4002 sicque
642 3927 706 3983 sitis
721 3928 752 3984 in
776 3927 907 3984 fabulam

82 4029 111 4078 et
125 4020 318 4094 opprobrium
344 4018 521 4076 saeculorum
542 4024 572 4074 et
594 4033 682 4090 prena
695 4023 802 4088 vestra,
818 4034 907 4076 causa

599 322 851 383 rourlmcarus
870 324 965 383 aurio
984 326 1033 382 111,
1054 319 1195 383 CHRISTI
1216 329 1294 380 1299.

84 457 186 512 minus
202 453 389 511 intolerabile
400 453 447 510 vel
458 453 552 528 magis
563 448 814 508 dissimulandum
826 453 911 508 forst·
928 455 957 522 Α

1746 321 1799 376 878

1317 469 1364 522 vn
1380 473 1447 537 (an.

973 577 1104 618 CAPITULO
1124 577 1155 616 iti
1174 576 1324 616 sosarinus
1343 575 1375 614 ΕΤ
1394 574 1527 614 Unit'euso
1547 573 1631 614 GLERO
1645 573 1798 612 Novanien-

1344 666 1429 704 stitus,

1222 753 1259 804 oe
1274 750 1364 804 eadem
1380 753 1550 816 arqumento.

1181 845 1339 918 (Laterani,
1361 861 1409 900 xrr
1426 844 1489 900 ilai.
1507 843 1590 914 Nou.)

1007 953 1036 1007 Si
1050 950 1087 1010 ad
1102 951 1177 1008 ovile
1193 949 1380 1007 Dominicum
1396 949 1603 1022 pertinatiam
1619 949 1746 1020 pastoris
1763 947 1799 1003 il-

971 1041 1029 1097 iius
1044 1058 1145 1098 rocem
1158 1039 1266 1098 auditis
1281 1040 1479 1108 humiliter,et
1494 1038 1637 1094 humilius
1653 1037 1798 1094 exauditis

972 1131 1022 1201 qui
1030 1147 1083 1202 pro
1094 1131 1197 1186 ovibus
1208 1130 1270 1185 suis
1281 1131 1411 1185 animam
1422 1143 1533 1200 ponere
1546 1143 1577 1182 se
1589 1131 1723 1194 testatur,
1736 1143 1797 1182 nou

971 1219 1086 1275 debetis
1101 1237 1154 1292 pro
1170 1219 1339 1290 vobisipsis
1355 1224 1384 1273 et
1399 1217 1600 1274 ecclesiastica
1615 1215 1763 1282 libertate,
1773 1217 1797 1270 si

971 1314 1115 1380 oporteat,
1130 1309 1371 1380 persecutionum
1386 1306 1506 1362 aculeos
1521 1311 1551 1360 et
1569 1321 1645 1362 onas
1669 1305 1797 1376 elingere

970 1398 1152 1470 paupertatis
1174 1403 1324 1464 extrema,
1351 1396 1413 1467 qui,
1429 1413 1481 1468 pro
1501 1395 1596 1450 salute
1611 1394 1748 1462 fratrum,
1773 1393 1798 1448 si

970 1489 1132 1544 necessitas
1144 1485 1283 1558 postulet,
1300 1491 1426 1540 martem
1439 1484 1583 1540 tenemini
1599 1499 1660 1539 non
1677 1483 1795 1550 evitare,

969 1590 1037 1632 cum
1052 1577 1152 1632 sciatis
1167 1577 1199 1632 iu
1214 1574 1370 1647 Evangelio
1387 1589 1452 1629 esse
1468 1573 1612 1644 scriptura
1622 1571 1701 1644 quod
1715 1571 1795 1627 beati

968 1683 1114 1739 pauperes
1125 1663 1360 1737 spiritu,etbeati
1372 1663 1421 1734 qai
1432 1662 1669 1734 persecutionem
1679 1661 1796 1733 patiun-

968 1762 1017 1811 tur
1031 1753 1463 1828 propterjastitiam,quouiam
1476 1751 1609 1824 ipsorum
1621 1755 1795 1822 estregnum

927 1819 953 1885 Β
967 1845 1121 1901 caelorum.
1133 1843 1251 1900 bebetis
1263 1843 1373 1900 etenira
1384 1858 1435 1896 ros
1445 1857 1594 1913 opponere
1609 1855 1728 1896 murum
1740 1855 1793 1910 pro

965 1934 1053 1990 domo
1066 1933 1195 2002 Domini,
1212 1934 1243 1988 in
1258 1932 1306 1988 die
1320 1931 1427 2004 prelii,
1444 1929 1675 1986 ascendentibus
1690 1944 1726 1984 ex
1739 1927 1792 1982 ad-

962 2041 1057 2092 verso,
1078 2039 1115 2079 ne
1137 2021 1258 2094 possitis
1280 2021 1326 2078 rei
1350 2019 1542 2076 mercenariis
1565 2017 1602 2074 ad
1622 2032 1697 2088 quos
1726 2033 1788 2072 non

962 2113 1093 2186 pertinet
1107 2110 1326 2177 denotasset
1341 2109 1464 2166 canibus
1486 2109 1586 2174 mutis,
1602 2107 1711 2164 latrare
1725 2121 1787 2162 nou

963 2199 1327 2272 valentibuscomparari.
1340 2199 1409 2270 [Nec
1424 2198 1524 2253 minus
1539 2196 1684 2254 tenemini
1699 2195 1735 2252 de
1746 2195 1786 2250 ci-

963 2293 1051 2346 vitate
1073 2291 1105 2345 in
1128 2291 1276 2345 civitatem
1291 2289 1419 2360 elingere
1434 2290 1659 2358 persequentes,
1681 2289 1714 2339 ut
1736 2300 1787 2340 eos

965 2378 1143 2452 effugiendo,
1172 2379 1274 2452 fugare
1299 2377 1419 2449 possitis
1445 2375 1491 2430 rel
1515 2373 1663 2446 potiusab
1680 2374 1788 2428 erroris

965 2471 1009 2524 sui
1039 2468 1202 2540 praecipitio
1229 2471 1371 2532 evocare]
1399 2465 1485 2532 Sane,
1515 2463 1540 2519 si
1556 2463 1660 2518 matris
1684 2467 1788 2518 vestrae

964 2557 1150 2614 Novariensis
1165 2553 1303 2612 Ecclesia
1318 2571 1367 2609 vos
1389 2554 1483 2624 tangit
1505 2551 1625 2623 injuria,
1651 2551 1675 2606 si
1700 2566 1789 2606 vene·

964 2645 1066 2702 rabilis
1091 2645 1192 2700 fratris
1216 2643 1310 2699 nostri
1333 2641 1519 2698 Novarieusis
1541 2639 1671 2712 episcopi
1695 2638 1789 2710 patris

963 2735 1063 2801 vestri,
1080 2733 1217 2790 exsilium
1232 2749 1282 2788 vos
1295 2730 1462 2796 conturbat,
1487 2728 1512 2784 si
1528 2728 1617 2784 corda
1631 2733 1729 2782 vestra
1742 2742 1789 2783 ze·

963 2825 1010 2880 lus
1020 2824 1126 2880 divina
1135 2823 1207 2896 lebria
1218 2820 1403 2884 accendit,ue
1412 2817 1621 2890 pervertamini
1637 2831 1704 2875 cum
1719 2832 1788 2887 per·

962 2915 1055 2970 versis
1071 2917 1100 2968 et
1115 2929 1150 2970 ex
1164 2910 1392 2968 cohabitationis
1410 2908 1454 2963 vel
1466 2906 1700 2980 participationis
1716 2922 1788 2960 oon-

963 3005 1054 3060 sortio
1075 3001 1295 3058 Norarienslum
1319 3015 1369 3055 vos
1380 2997 1462 3054 labes
1479 2997 1593 3054 inliciat
1606 3012 1657 3050 vos
1671 2999 1788 3066 oportet

964 3093 1090 3150 sollicito
1105 3107 1279 3164 precavere.
1295 3089 1355 3161 Ipsi
1375 3087 1495 3154 etenim,
1513 3091 1655 3160 tanquam
1666 3085 1789 3154 ingrati·

926 3185 952 3254 Ο
967 3181 1078 3238 tudinis
1093 3180 1158 3250 filii,
1175 3185 1231 3236 ete.
1246 3182 1312 3236 Fare
1325 3184 1356 3234 ut
1369 3193 1464 3248 supro,
1481 3191 1565 3246 osque
1580 3175 1716 3244 capram.

1344 3285 1415 3337 vili.

1177 3407 1275 3449 aaunrr
1300 3405 1495 3446 narrentanis.
1521 3385 1577 3458 (22)

963 3503 1078 3558 Mandat
1092 3501 1119 3556 ei
1132 3507 1161 3556 ut
1175 3503 1298 3571 fraterna
1311 3499 1425 3568 recipiat
1440 3499 1470 3550 tn
1496 3493 1690 3550 monasteriam
1713 3491 1731 3545 J
1732 3532 1787 3548 .....

1000 3575 1154 3629 diaconam.
1172 3573 1231 3642 qai,
1247 3571 1342 3624 omisso
1357 3567 1523 3636 scriptitatis,
1538 3563 1789 3620 roccamartina

996 3651 1136 3715 promotus
1150 3646 1253 3712 suerat.
1281 3641 1372 3706 iubet,
1398 3643 1439 3699 at.
1468 3641 1589 3706 suscepto
1617 3635 1787 3704 acolythatus

999 3717 1104 3784 ardiae,
1120 3717 1150 3770 ia
1162 3713 1349 3784 praelatarum
1361 3711 1447 3781 pessit
1462 3709 1597 3764 wainart.

1158 3821 1276 3892 (Later,
1291 3831 1339 3873 xrv
1353 3816 1419 3871 Kal.
1439 3813 1591 3886 Navemb.)

998 3927 1148 3984 Accedens
1161 3926 1198 3982 ad
1215 3923 1409 3999 apostolicam
1424 3921 1549 3978 sedemi
1553 3962 1618 3989 ......
1630 3919 1784 3986 diaconus,

961 4017 1048 4076 nobis
1060 4016 1214 4074 humiliter
1231 4019 1276 4070 est
1290 4013 1454 4080 confessus,
1471 4010 1561 4082 quod,
1576 4006 1659 4074 olim,
1673 4007 1784 4064 omisso

80 4117 178 4168 metus
194 4109 340 4166 universis
356 4111 470 4175 effecta,
483 4106 632 4164 deterreat
646 4123 661 4162 a
674 4105 822 4163 similibus
833 4124 905 4179 praa·
960 4107 1140 4180 acolythatu,
1157 4121 1188 4161 se
1203 4103 1273 4160 fecit
1287 4101 1323 4158 ad
1342 4101 1572 4157 subdiaconatus
1596 4099 1625 4154 et
1647 4097 1786 4154 diacona·

80 4207 180 4256 sentes
195 4201 306 4272 pariter
321 4204 350 4254 et
372 4198 497 4254 futuros.
514 4199 571 4253 lios
595 4211 724 4268 quoque,
740 4195 904 4252 rectoribus
960 4204 1007 4253 tus
1032 4195 1167 4252 ordinem
1189 4191 1375 4266 promoveri;
1403 4189 1473 4262 quia
1495 4203 1575 4255 vero,
1601 4202 1683 4242 nunc
1699 4201 1785 4242 suum

80 4287 274 4354 lombardia,
291 4289 345 4344 sub
356 4287 599 4344 interminatione
613 4287 810 4342 anathematis
822 4285 903 4342 dabi-
956 4288 1172 4357 ‘recognoscens
1188 4298 1354 4349 excessum,
1371 4281 1402 4335 in
1417 4277 1599 4334 monasterio
1619 4281 1714 4332 vestro
1729 4275 1785 4330 ha-

80 4393 147 4432 mus
161 4375 190 4430 in
206 4375 365 4444 mandatis,
382 4381 415 4430 ut
429 4393 489 4442 vos,
505 4381 565 4430 tam
578 4375 610 4429 in
635 4374 791 4446 colloquiis
813 4391 902 4445 quam
957 4377 1052 4433 bitum
1069 4375 1218 4447 suscipere
1243 4372 1409 4445 regularem
1434 4374 1463 4424 et
1486 4367 1610 4424 Domino
1635 4365 1786 4421 desiderat

79 4464 316 4535 aliis,tanquam
341 4463 613 4520 excommunicatos
638 4463 763 4532 evitent;
793 4469 822 4517 et
851 4481 903 4534 per
955 4463 1428 4530 famulari,discretiouemtuam
1445 4470 1601 4512 monemus
1625 4457 1655 4509 et
1676 4453 1783 4508 exhor-

77 4555 216 4612 universa
229 4569 328 4625 regna,
344 4552 374 4606 in
390 4553 497 4624 quibus
512 4568 622 4608 nomen
638 4550 746 4606 colitur
760 4550 900 4607 Christia-
916 4557 943 4621 D
960 4559 1058 4610 tamur
1072 4555 1102 4608 in
1117 4551 1252 4618 Domino,
1269 4566 1302 4605 ac
1317 4565 1370 4620 per
1383 4545 1546 4618 apostolica
1561 4544 1679 4616 scripta,
1697 4559 1782 4598 mau-

77 4661 161 4711 num,
175 4643 254 4698 bona
275 4646 473 4696 mercatorum
495 4645 660 4696 vestrorum
682 4639 901 4710 mandabimus,
956 4644 1071 4710 damus,
1083 4645 1230 4712 quatenus
1243 4637 1354 4694 eumin
1366 4634 1580 4691 monasterium
1593 4640 1675 4688 tuum
1689 4632 1780 4704 recipi

77 4748 171 4805 usque
187 4730 223 4789 ad
239 4731 471 4787 satisfactionem
486 4742 657 4802 congruam,
673 4729 810 4784 detineri.
953 4731 1056 4798 facias,
1081 4735 1110 4786 et
1132 4729 1264 4784 fraterna
1287 4725 1430 4781 charitate
1451 4724 1580 4792 tractari,
1594 4722 1656 4790 ubi,
1673 4723 1697 4778 si
1713 4721 1779 4778 lau-

113 4825 177 4880 oet.
193 4821 300 4890 Lutea,
315 4837 360 4878 rvr
375 4817 437 4876 Kal.
455 4817 634 4876 Novembris.
954 4820 1094 4877 dabiliter
1107 4817 1211 4874 vixerit
1227 4819 1255 4873 et
1266 4815 1356 4872 fuerit
1370 4815 1558 4870 conversatus
1571 4808 1705 4881 honeste,
1718 4825 1781 4868 sus·

954 4915 1039 4984 cepto
1054 4908 1240 4981 acolythatus
1259 4904 1375 4970 ordine,
1391 4919 1481 4974 quem
1504 4899 1615 4971 onrisit,
1638 4901 1675 4958 ad
1695 4917 1779 4973 pres-

954 4999 1106 5071 byteratus
1121 4995 1268 5062 ordinem,
1284 4993 1320 5049 de
1343 4991 1559 5060 misericordia,
1575 5007 1640 5062 qua
1660 5005 1778 5061 supere·

952 5087 1047 5144 saltat
1056 5085 1182 5159 judicio,
1198 5083 1307 5157 poterit
1321 5081 1497 5156 promoveri.

989 5175 1095 5232 Datum
1111 5174 1274 5243 Later.,xrv
1289 5171 1353 5230 Kal.
1369 5170 1508 5228 Novemb.

965 5453 971 5464 ·
987 5379 1085 5464 (92115
1100 5383 1173 5448 erat,
1189 5376 1399 5460 verisimiliter,
1415 5373 1549 5428 Galterus
1563 5371 1598 5438 ll,
1615 5385 1702 5442 quem
1719 5369 1773 5424 nl-

951 5451 1130 5508 trvrilarense
1142 5455 1366 5512 monasterium,
1382 5461 1460 5500 anno
1475 5443 1542 5498 1199
1557 5449 1586 5497 et
1598 5457 1676 5498 anno
1694 5443 1772 5510 1203,

950 5525 1062 5580 rexisse
1076 5529 1259 5595 compertum
1275 5519 1328 5575 eal.
1352 5517 1422 5571 Vide
1437 5515 1555 5573 Galliam
1579 5515 1771 5582 Christianum,

74 5593 396 5733 12intppb‘i'qreapnentum
419 5593 475 5650 hoc
499 5593 619 5650 exhibet
642 5593 822 5666 Raynaldus,
847 5611 895 5650 an.
952 5601 1012 5652 tom
1039 5597 1073 5664 ii,
1089 5596 1144 5652 col.
1160 5595 1222 5648 255.

121 5379 165 5460 90)
180 5379 350 5453 Philippum
363 5379 616 5462 Lampagnanum,
631 5379 680 5451 qui
696 5379 773 5435 banc
789 5385 897 5436 metro-

73 5453 238 5576 pqrpltaiqrpqr
252 5452 350 5508 sedena
368 5451 507 5520 obtinuit,
532 5451 568 5506 ab
592 5467 671 5507 auno
694 5455 762 5506 1191Ι
787 5452 825 5508 ad
848 5469 897 5508 an·
