3952 6070
212 245 280 299 tota
707 235 910 292 lNNOCENTll
928 233 967 288 ΠΙ
984 232 1039 290 ΡΡ.
1060 231 1295 290 Ruuusaoauu
1313 234 1381 293 tls.
1400 234 1435 292 V.
1847 240 1920 294 1056

212 395 340 467 shytero‚
352 396 380 448 et
390 393 423 446 ll.
436 391 509 463 (296)
521 389 618 444 Sancti
628 388 779 444 Eustachii
791 387 929 454 diacono,
940 383 1034 442 cardi·
1047 388 1077 454 A
1091 390 1125 440 ut
1138 385 1216 442 idem
1233 385 1383 458 quondam
1408 385 1499 443 abhas
1523 390 1627 459 sponte
1642 385 1761 444 cederet
1774 387 1914 456 abbatiae,

211 483 341 550 natibus,
357 497 431 552 quos
445 478 542 534 eidem
562 477 690 534 auditori
716 477 753 534 ad
774 475 932 533 consilium
948 474 1033 530 duxi·
1088 475 1153 547 ipso
1169 481 1270 531 vocato
1287 491 1433 543 seorsum,
1449 476 1475 530 ei
1490 493 1646 550 suggerere
1661 481 1694 533 ut
1707 477 1827 534 cederet
1843 497 1912 549 pro-

211 589 277 629 mus
292 568 509 644 adjungendos,
525 567 699 639 aliquandiu
715 567 878 640 litigarunt.
894 565 948 631 Qui
964 563 1033 619 visis
1087 565 1223 620 curastis.
1240 567 1275 620 Et
1289 566 1430 637 quoniam
1446 566 1568 622 monitis
1591 567 1696 622 vestris
1710 566 1742 622 in
1755 567 1813 623 hac
1827 575 1911 640 parte
1956 617 1957 636 ,

210 659 449 718 attestationibus
464 663 495 713 et
517 656 745 730 allegationibus
758 655 913 727 utriusque
928 653 1032 725 partis,
1087 655 1275 724 acquiescere
1290 671 1352 710 non
1375 655 1496 723 curavit,
1522 672 1572 711 vos
1596 655 1628 709 in
1647 672 1737 712 causa
1751 657 1817 729 ipsa
1831 657 1910 712 ultra
1956 637 1957 674 ³

210 750 378 821 auditisque
389 748 548 820 diligenter
558 752 587 802 et
596 745 773 818 conspectis,
786 743 929 815 quoniam
941 758 977 798 ex
987 746 1033 797 at·
1086 741 1247 813 procedere
1262 742 1411 824 noluistis,
1427 749 1541 816 partem
1552 749 1709 815 utramque
1720 761 1787 801 cum
1798 747 1911 819 allega-

209 838 418 896 testationibus
426 836 556 893 adversa
568 835 660 907 partis
670 834 746 890 nihil
754 833 1032 906 intelligerepotue·
1085 831 1216 886 tionibus
1233 837 1261 886 et
1275 833 1515 889 attestationibus
1526 849 1600 904 quas
1610 833 1774 904 recepistis,
1787 841 1816 890 et
1831 835 1912 891 litte·
1956 899 1957 914 χ

208 933 279 983 runt
289 926 368 999 quod
378 924 595 998 depositionem
606 921 844 990 induceret,licet
855 920 955 992 aliqua
965 936 1031 990 quse
1085 919 1127 974 ris
1142 919 1246 975 vestris
1262 921 1352 976 totius
1367 938 1464 978 causae
1487 921 1595 978 seriem
1621 922 1855 990 continentibus,
1872 923 1908 980 ad

208 1016 438 1073 continebantur
446 1013 530 1069 ineis
538 1013 647 1068 lamam
656 1011 748 1084 ipsius
757 1009 908 1082 quondam
916 1008 1031 1064 abbatis
1086 1012 1218 1064 nostram
1233 1009 1421 1080 praesentiam
1430 1009 1627 1067 remittentes.
1638 1011 1769 1081 Cumque
1783 1027 1839 1066 nos
1848 1029 1908 1067 orn·

208 1107 240 1161 in
255 1103 406 1176 aliquibus
421 1101 638 1175 denigrassent,
662 1097 755 1167 vobis,
777 1097 869 1152 frater
882 1094 1030 1166 archiepi·
1085 1095 1174 1153 nibus
1189 1097 1347 1170 diligenter
1370 1098 1523 1170 inspectis,
1540 1097 1575 1154 de
1597 1099 1721 1154 fratrum
1736 1105 1907 1156 nostrorum

207 1210 296 1266 scope
307 1197 337 1248 et
348 1192 391 1248 fili
406 1191 499 1248 abbas
514 1189 743 1260 Vallis-Magnae,
756 1192 785 1242 et
799 1185 907 1242 dilecto
924 1183 985 1239 filio
998 1184 1029 1239 B.
1085 1187 1335 1243 consiliocausam
1346 1187 1442 1260 ipsam
1450 1189 1544 1260 parati
1554 1191 1907 1260 essemuspersenteulias

208 1281 245 1339 de
259 1284 356 1350 Costa,
368 1279 576 1336 archidiacono
588 1275 783 1344 Ruthenensi,
799 1274 906 1330 litteris
920 1272 1031 1328 nostris
1085 1275 1232 1333 calculum
1248 1278 1419 1344 terminare,
1436 1279 1515 1334 idem
1530 1278 1681 1350 quondam
1696 1277 1787 1334 abbas
1803 1289 1908 1352 sponte
1956 1321 1957 1344 ι

207 1370 413 1428 mandavimus
428 1372 471 1437 ut,
484 1367 542 1422 uisi
554 1382 654 1422 eoram
666 1363 749 1420 vobis
758 1361 919 1436 predictus
935 1377 1032 1434 quon·
1085 1365 1175 1421 cessit
1188 1383 1241 1438 pro
1257 1365 1335 1423 hono
1351 1366 1443 1439 pacis,
1455 1383 1527 1422 usus
1544 1368 1669 1424 consilio
1683 1368 1805 1438 saniori,
1817 1375 1848 1424 et
1861 1388 1908 1426 re·

207 1461 275 1517 dam
290 1458 382 1516 abbas
394 1456 579 1516 sufficienter
589 1453 769 1520 ostenderet,
780 1469 810 1508 se
822 1468 839 1507 a
849 1451 974 1508 crimine
987 1450 1030 1506 Si·
1084 1457 1225 1513 nuntians
1240 1458 1323 1514 omni
1334 1458 1396 1530 juri
1407 1457 1487 1530 quod
1497 1459 1528 1514 in
1539 1458 1643 1515 eadem
1657 1458 1776 1516 abbatia
1791 1477 1822 1516 se
1840 1477 1908 1516 cre.

204 1551 348 1607 moniacae
358 1545 509 1621 pravitatis
520 1561 610 1618 super
618 1543 781 1616 praemissis
790 1542 965 1608 immunem,
977 1539 1031 1594 de·
1084 1544 1173 1601 debat
1182 1545 1303 1613 habere,
1315 1546 1410 1618 ipsam
1421 1546 1451 1601 iu
1464 1547 1574 1602 nostris
1586 1547 1723 1604 manibus
1735 1549 1905 1621 resignavit;

204 1638 361 1712 positionis
370 1633 690 1693 sentcntiamlatamin
700 1648 767 1688 eum
776 1631 918 1687 curaretis
927 1633 1028 1685 aucto·
1083 1635 1345 1707 cujusjeessionem
1357 1635 1534 1709 recepimus,
1547 1637 1754 1710 praecipientes
1764 1639 1864 1694 eidem
1877 1647 1909 1695 ut

203 1730 290 1784 ritate
301 1726 465 1800 apostolica
477 1725 699 1790 confirmareet
708 1721 845 1778 laceretis
856 1720 953 1776 eidem
963 1735 1027 1774 mo·
1084 1741 1114 1780 se
1130 1725 1329 1780 intromittere
1343 1724 1379 1780 de
1399 1725 1517 1782 abbatia
1538 1725 1574 1780 de
1599 1732 1706 1782 cetero
1721 1728 1848 1783 minime
1863 1737 1907 1784 at.

202 1817 333 1874 nasterio
349 1816 385 1871 de
399 1829 528 1886 persona
539 1812 647 1868 idonea
657 1811 837 1868 iuahbatern
851 1807 1026 1881 regulariter
1083 1819 1220 1870 tentaret.
1239 1814 1378 1870 Veientes
1393 1814 1481 1888 igitur
1492 1815 1548 1888 ipsi
1564 1817 1756 1886 monasterio,
1769 1819 1853 1888 quod
1864 1825 1908 1874 est

202 1907 361 1980 provideri.
378 1903 461 1972 Quod
476 1905 500 1960 si
514 1903 654 1976 probaret
668 1919 699 1958 se
713 1901 814 1958 forsan
830 1900 995 1956 immunem
1010 1916 1028 1957 a
1081 1903 1221 1958 llomanae
1233 1902 1381 1970 Ecclesiae,
1392 1907 1516 1974 paterna
1525 1903 1679 1976 providere
1691 1904 1908 1974 sollicitudine,

204 1993 374 2050 simoniaca
387 1991 542 2064 pravitate,
556 1989 729 2063 pradictum
744 1987 941 2060 depositionis
957 2005 1025 2044 seu·
1081 1996 1114 2046 ut
1124 1996 1341 2060 tenemur,cum
1351 1992 1508 2048 occasione
1515 1993 1689 2064 quaestionis
1695 1993 1849 2065 predictae
1860 1997 1908 2067 sit,

202 2083 326 2139 tentiam
334 2081 511 2137 revocaretis
521 2080 552 2136 in
561 2079 810 2151 irritum,poenam
818 2083 918 2132 tamen
929 2077 1025 2132 eidem
1080 2086 1113 2136 ut
1127 2081 1245 2149 dicitur,
1262 2081 1292 2138 in
1306 2081 1521 2154 temporalibus
1543 2088 1573 2138 et
1596 2083 1803 2155 spiritualibus
1818 2086 1908 2142 dimi-

200 2170 351 2243 quondam
375 2169 474 2225 abbati
489 2168 527 2224 ad
542 2169 757 2224 correctionem
783 2167 966 2240 infligeretis,
980 2182 1026 2222 se·
1080 2176 1196 2238 nutum,
1214 2169 1384 2228 discretioni
1403 2177 1505 2228 vestrae
1532 2189 1586 2244 per
1614 2173 1778 2246 apostolica
1794 2177 1907 2247 scripta

199 2258 528 2330 cundumdisciplinam
540 2257 713 2314 canonicam
724 2262 753 2312 et
763 2256 898 2311 ordinem
909 2255 1024 2328 regula·
1079 2257 1267 2326 mandamus,
1279 2263 1426 2330 quatenus
1436 2258 1474 2314 ad
1487 2261 1703 2317 monasterium
1715 2261 1815 2333 ipsum
1826 2267 1905 2336 pari·

199 2365 274 2420 rem,
286 2347 493 2420 suspensionis
504 2346 653 2402 sententia
663 2362 757 2417 usque
769 2344 805 2401 ad
818 2344 1024 2418 purgationem
1079 2353 1124 2403 ter
1138 2345 1323 2414 accedentes,
1336 2347 1503 2403 cessionem
1520 2355 1549 2404 et
1558 2350 1813 2407 renuntiationem
1828 2370 1906 2424 pra-

199 2438 376 2494 canonicam
393 2453 445 2493 suo
462 2436 493 2492 in
508 2435 614 2492 robore
629 2439 835 2506 permanente.
852 2435 909 2488 Vos
924 2438 1023 2488 autem
1080 2436 1150 2491 dicti
1166 2435 1316 2507 quondam
1336 2435 1452 2492 abbatis
1480 2437 1598 2509 publice
1627 2439 1782 2506 nuntietis,
1799 2441 1907 2498 dantes

1956 2359 1957 2392 l

199 2521 1024 2598 cumjuxtamandatumnostrumparatiessetisincausa
1078 2525 1235 2582 conventui
1251 2525 1426 2581 auctoritate
1451 2531 1553 2583 nostra
1581 2527 1705 2584 liberam
1720 2527 1906 2595 facultatem,

198 2613 359 2687 procedere
370 2611 712 2685 memorata,praedictus
724 2613 759 2666 lt.
769 2610 1023 2678 monachus,con·
1079 2619 1112 2670 ut
1125 2631 1284 2687 personam
1299 2613 1437 2671 idoneam
1453 2633 1507 2688 per
1529 2617 1707 2674 electionem
1729 2617 1907 2673 canonicam

194 2702 330 2776 judicem
340 2701 721 2758 vestrumarchidiaeonum
733 2701 954 2756 Ruthenensem
966 2697 1022 2754 sibi
1078 2719 1147 2758 cum
1162 2704 1287 2759 consilio
1302 2709 1398 2760 vestro
1419 2703 1475 2760 sibi
1503 2705 1670 2777 praeficiant
1697 2705 1729 2760 in
1753 2705 1906 2776 abbatem,

199 2799 369 2868 suspectum
380 2793 555 2858 asseruit‚eo
567 2791 646 2864 quod
656 2793 687 2846 in
703 2807 793 2847 causa
805 2789 910 2847 eadem
920 2795 1024 2846 contra
1077 2808 1188 2864 vosque
1200 2793 1292 2848 Deum
1309 2791 1453 2848 habentes
1468 2809 1529 2865 praa
1555 2794 1650 2849 oculis
1665 2794 1724 2850 tale
1739 2793 1815 2867 ipsis
1830 2795 1906 2850 detis

199 2883 298 2955 ipsum·
312 2883 409 2938 iuerat
423 2881 592 2950 advocatus,
618 2880 772 2953 postulans
796 2885 829 2936 ut
852 2897 902 2935 vos
917 2879 975 2936 duo
990 2879 1022 2934 iu
1077 2880 1108 2936 in
1119 2881 1176 2936 hoc
1187 2880 1480 2952 consilium‚quodin
1493 2883 1631 2938 examine
1642 2883 1768 2939 districti
1779 2884 1905 2954 iudicis,
1956 2947 1957 2970 χ

199 2989 296 3028 causae
307 2972 476 3046 cognitione
488 2971 802 3045 procederetis‚vestro
812 2970 967 3044 conjudice
978 2987 1022 3024 re·
1076 2967 1128 3024 ubi
1141 2969 1267 3041 quisque
1283 2969 1319 3027 de
1334 2970 1419 3026 lactis
1435 2971 1496 3027 suis
1509 2968 1677 3028 mercedem
1692 2973 1848 3045 propriam
1865 2981 1908 3030 est

198 3063 335 3130 motusic
348 3062 384 3118 ad
396 3068 529 3119 nostram
539 3061 722 3118 audientiam
731 3060 900 3134 appellavit,
912 3076 980 3116 cum
990 3059 1022 3114 in
1078 3065 1262 3132 recepturus,
1274 3060 1383 3117 bonam
1394 3061 1515 3118 valeatis
1523 3078 1558 3118 ex
1569 3061 1625 3118 hoc
1640 3061 1765 3119 reddere
1776 3065 1905 3121 Domino

198 3151 306 3207 litteris
317 3148 966 3224 nostrisappellationisnonessetremedium
977 3149 1024 3204 in·
1037 3120 1063 3188 G
1077 3150 1235 3217 rationem,
1251 3153 1281 3204 et
1293 3167 1346 3223 per
1360 3155 1463 3208 vestras
1479 3150 1831 3209 sollicitudinisstudium
1845 3161 1905 3210 sta·

199 3238 442 3297 terdictum.Post
451 3239 683 3313 appellationem
690 3239 944 3311 tamenobjectam
955 3255 1022 3310 par·
1078 3243 1125 3295 tus
1141 3238 1235 3311 ipsius
1249 3239 1434 3310 monasterii,
1451 3239 1532 3312 qnod
1545 3241 1753 3313 multipliciter
1764 3248 1813 3299 est
1827 3243 1906 3300 dila·

199 3340 243 3390 tes
259 3332 341 3389 uobis
359 3331 565 3404 multipliciter
579 3328 768 3398 obstiterunt,
780 3333 873 3385 utros
888 3327 946 3384 duo
961 3327 1023 3399 pie·
1077 3343 1176 3401 psum,
1187 3327 1283 3384 valeat
1297 3334 1417 3384 auctore
1433 3329 1558 3385 Domino
1574 3329 1739 3388 reformari.
1751 3333 1784 3388 Ei
1801 3339 1903 3388 autem

200 3424 269 3480 tatis
278 3422 389 3478 intuitu
400 3421 536 3493 ejusdem
546 3437 643 3478 causeo
656 3418 856 3493 cognitionem
871 3417 1023 3490 suscipere
1078 3417 1129 3489 qui
1145 3417 1180 3474 de
1196 3416 1321 3474 consilio
1337 3423 1432 3474 vestro
1458 3417 1570 3475 electus
1593 3417 1683 3475 luerit
1705 3421 1736 3476 in
1752 3421 1906 3490 abbatem,

200 3512 355 3579 curaretis,
367 3508 667 3566 secundumlormam
678 3507 898 3564 commissionis
913 3511 1022 3562 nostrae
1079 3507 1149 3578 quia
1163 3507 1256 3579 ipsius
1272 3509 1445 3564 monasterii
1461 3525 1582 3580 parcere
1606 3508 1743 3566 volumus
1757 3514 1908 3580 gravami-

199 3604 231 3659 in
241 3600 379 3680 omnibus
389 3597 606 3672 processuri,eo
614 3597 677 3654 solo
685 3603 806 3670 excepto
816 3594 895 3668 quod
906 3595 931 3651 si
941 3611 1023 3651 enm·
1078 3594 1168 3650 nibus
1181 3600 1210 3650 et
1221 3595 1369 3668 expensis,
1382 3601 1424 3666 tu,
1435 3595 1527 3652 frater
1537 3597 1772 3670 archiepiscope,
1786 3600 1906 3656 sublato

199 3691 267 3747 dem
289 3687 441 3762 quondam
466 3687 604 3744 abbatem
628 3686 765 3742 videretis
781 3685 966 3758 depositione
979 3683 1023 3740 di·
1078 3683 1239 3756 cujuslibet
1253 3684 1495 3741 contradictionis
1521 3689 1551 3742 et
1579 3685 1790 3760 appellationis
1805 3690 1909 3746 obsta·
1956 3741 1957 3744 ,

198 3795 301 3853 gnum,
314 3778 405 3834 latam
419 3777 450 3832 in
466 3793 535 3833 eum
559 3776 755 3848 depositionis
768 3773 948 3831 sententiam
962 3791 1024 3830 non
1079 3774 1157 3841 culo,
1170 3773 1232 3830 vice
1248 3778 1351 3832 nostra
1372 3791 1483 3832 munus
1504 3774 1721 3833 benedictionis
1736 3778 1908 3851 impendas,
1956 3789 1957 3792 ’

199 3863 927 3940 possetisauctoritateapostolicacontlrmaresed
938 3862 1032 3920 uobis·
1080 3870 1110 3921 et
1123 3865 1160 3920 ab
1176 3881 1211 3921 eo
1223 3865 1428 3938 juramentum
1453 3883 1506 3938 pro
1533 3867 1665 3924 Ecclesia
1679 3871 1815 3926 Romana
1830 3873 1908 3927 reci·

199 3954 344 4012 curaretis
359 3953 450 4009 totius
466 3952 576 4026 negotii
593 3952 701 4008 seriem
716 3969 770 4024 per
784 3958 895 4008 vestras
909 3951 1023 4008 litteras
1080 3953 1155 4024 pias,
1167 3952 1247 4024 quod
1260 3953 1313 4009 tihi
1323 3952 1377 4009 sub
1388 3954 1582 4012 bullanostra
1597 3957 1746 4014 mittimus
1760 3959 1907 4016 interelu-

198 4042 375 4106 intimare,·si
385 4057 453 4096 vero
463 4040 562 4112 ipsum
572 4038 710 4096 rideretis
719 4057 773 4112 per
783 4041 961 4096 sententiam
971 4041 1024 4096 ab·
1081 4058 1155 4098 sum.
1174 4042 1202 4097 Si
1215 4059 1283 4097 vero
1295 4042 1373 4098 idem
1387 4051 1549 4102 conventus
1560 4045 1738 4102 electionem
1752 4048 1908 4105 celebrare
1956 4051 1957 4140 l

198 4128 632 4200 solvendum,serendiproipso
643 4127 1024 4186 absolutionissententiam
1081 4129 1222 4198 noluerit,
1237 4131 1283 4186 vel
1298 4131 1446 4188 malitiose
1475 4132 1635 4202 distulerit,
1651 4152 1703 4192 seu
1719 4153 1824 4192 eorum
1841 4145 1908 4194 rota

198 4221 349 4278 haberetis
363 4217 543 4275 facultatem.
560 4216 654 4274 Causa
668 4217 768 4288 itaque
779 4234 832 4273 suo
844 4218 962 4274 tramite
972 4218 1023 4274 de·
1081 4220 1112 4275 in
1127 4219 1272 4276 electione
1288 4237 1347 4276 non
1356 4222 1508 4293 potuerint
1517 4225 1700 4281 unanimiter
1711 4227 1909 4294 concordare,

198 4317 346 4382 currente,
362 4326 430 4366 cum
445 4308 537 4366 abhas
556 4308 619 4380 ipse
634 4309 780 4364 niteretur
803 4325 834 4364 se
859 4309 1024 4366 immunem
1080 4325 1130 4365 vos
1146 4309 1343 4366 nihilominus
1358 4313 1533 4370 auctoritate
1544 4319 1656 4380 nostra,
1668 4314 1786 4372 sublato
1802 4319 1910 4389 appel·
1956 4349 1957 4400 ι

197 4397 1023 4471 ostenderealabeS,moniacaapravitatisetadassertio-
1081 4397 1201 4454 lationis
1214 4399 1378 4471 obstaculo,
1396 4402 1504 4458 curetis
1520 4403 1577 4475 ipsi
1592 4405 1775 4462 monasterio
1792 4405 1829 4461 de
1842 4425 1908 4478 per·
1956 4403 1957 4446 l

198 4487 1024 4561 nemsuamtestesaliquosproduxisset,etecontrapars
1040 4493 1067 4559 D
1084 4504 1157 4544 sona
1170 4487 1278 4545 idonea
1287 4487 1503 4564 providere‚cni
1515 4498 1557 4560 tu,
1569 4490 1660 4549 irater
1672 4493 1912 4568 archiepiscope,

208 4583 244 4637 ll.
257 4581 405 4650 monachi,
420 4579 458 4634 ad
478 4576 690 4651 improbandos
712 4583 802 4634 testes
826 4578 920 4650 ipsius
935 4595 1031 4651 quon·
1081 4577 1167 4650 juxta
1181 4576 1260 4648 quod
1274 4577 1478 4650 praediximus,
1494 4579 1710 4637 benedictionis
1724 4599 1840 4640 munus
1855 4586 1913 4640 inr-

210 4669 278 4727 dam
292 4668 408 4725 abbatis
419 4667 608 4741 produxisset
617 4672 707 4722 testes
723 4665 797 4724 alios
810 4667 989 4738 exadverso,
1002 4675 1032 4725 et
1083 4664 1214 4737 pendere
1238 4682 1299 4721 non
1325 4667 1462 4736 moreris,
1478 4669 1722 4737 contradictores
1736 4672 1761 4727 si
1776 4674 1828 4743 qui
1848 4675 1913 4729 lue·

208 4757 303 4817 multa
316 4756 443 4813 luissent
457 4756 527 4812 hinc
542 4755 611 4812 inde
625 4754 777 4828 proposita
791 4772 891 4813 coram
907 4758 1032 4827 vobis,et
1084 4758 1161 4820 rent,
1177 4753 1223 4808 vel
1236 4753 1364 4812 rebelles
1387 4756 1587 4828 appellatione
1609 4764 1723 4816 remota
1738 4775 1793 4832 per
1807 4761 1914 4818 distri-

207 4846 457 4919 compromissent
482 4850 581 4917 partes
604 4846 736 4917 praestito
756 4845 927 4917 juramento
952 4864 983 4904 se
998 4847 1029 4904 in
1084 4843 1213 4898 ationem
1230 4843 1462 4902 ecclesiasticam
1476 4847 1632 4918 praemissa
1645 4849 1811 4906 monitione
1827 4868 1912 4907 com·

207 4939 272 5013 ipsa
288 4953 377 4994 causa
389 4935 490 5009 plures
505 4939 596 4992 testes
617 4935 741 4990 minime
756 4935 963 5007 producturos,
978 4955 1030 4994 vos
1084 4947 1218 5004 pescens.
1235 4933 1309 4998 Quia
1322 4951 1390 4990 vero
1414 4935 1574 5008 pradictus
1602 4937 1753 5008 quondam
1767 4939 1866 4997 abhas
1883 4943 1913 4997 in

206 5026 316 5085 auditis
332 5023 498 5082 rationibus
508 5028 538 5080 et
547 5023 777 5096 allegationibus
791 5023 946 5097 utriusque
961 5043 1030 5098 pari-
1084 5022 1914 5104 prosecutionecausaesuamulta,utasserit‚jamexpen-

206 5117 441 5188 tls,cumpartes
454 5113 814 5185 invoscompromissent,
831 5113 938 5172 iterum
953 5133 1030 5188 pras-
1083 5110 1194 5183 dit‚pro
1204 5111 1311 5183 quibus
1320 5113 1483 5169 amicorum
1492 5130 1613 5171 suorum
1622 5115 1701 5172 hona
1711 5123 1783 5174 sunt
1792 5121 1912 5193 pignori

206 5206 275 5263 stito
287 5205 459 5277 juramento
473 5219 503 5258 se
515 5202 577 5275 juri
590 5207 620 5258 et
630 5201 770 5258 mandato
785 5206 881 5257 vestro
897 5220 950 5275 per
964 5221 1029 5260 om·
1083 5199 1222 5272 obligata,
1233 5205 1262 5256 et
1272 5199 1334 5273 ipse
1343 5201 1462 5258 cumeis
1471 5203 1666 5261 nihilominus
1677 5211 1721 5262 est
1731 5224 1785 5279 pro
1797 5209 1912 5264 eisdem

207 5295 258 5350 niu
272 5295 432 5367 parituros,
450 5291 591 5364 quoniam
608 5291 703 5348 eidem
720 5289 871 5362 quondam
885 5291 985 5350 abbati
1001 5300 1030 5351 et
1084 5289 1192 5344 debitis
1203 5290 1360 5363 obligatus,
1371 5291 1503 5349 volentes
1515 5294 1553 5358 ei,
1565 5294 1801 5368 sicutconrenit,
1814 5301 1914 5372 prori-

205 5384 299 5454 quieti
315 5382 487 5440 monasterii
509 5380 675 5438 credebatis
701 5379 864 5452 plurimum
879 5383 1027 5455 expedire,
1083 5376 1510 5454 dere,discretionivestraeper
1518 5383 1681 5455 apostolica
1691 5385 1914 5460 scriptapraaci·

241 5561 317 5636 (296)
332 5564 373 5620 lle
387 5561 454 5620 istis
465 5561 530 5635 jam
545 5559 657 5619 dictum
674 5564 720 5617 est
734 5559 852 5635 sapius.
