3956 6056
195 284 247 340 303
692 275 894 336 lurocuuru
911 275 951 330 111
969 276 1024 334 PP.
1044 275 1278 335 REGESTORUM
1291 279 1367 336 ulit.
1386 280 1399 336 l
1611 337 1620 352 ,
1661 281 1668 290 ”
1878 283 1932 341 aot

197 405 399 484 presentibus
422 420 512 478 quam
527 404 637 462 futuris
663 403 695 460 in
717 403 823 460 eodem
847 403 1029 459 monasterio
1043 407 1074 473 A
1086 418 1137 471 na,
1153 403 1250 462 sciens
1270 405 1359 478 hujus
1373 407 1484 464 decreti
1499 407 1650 480 paginam,
1668 411 1784 464 contra
1801 423 1870 464 eam
1887 391 1932 466 te'

196 497 365 570 regularem
377 493 468 550 vitam
483 492 626 565 professis
638 493 669 548 in
684 497 1029 564 perpetuum;quatenus
1084 507 1165 548 mere
1180 495 1280 551 venire
1295 513 1347 552 sau
1362 496 1393 552 in
1407 497 1508 568 aliquo
1522 497 1696 554 disturbare
1723 497 1774 552 vel
1789 498 1930 555 minuere

199 593 229 642 et
238 587 446 640 conservantes
455 583 485 637 in
495 581 546 637 liei
558 580 676 638 servitio
696 581 790 654 gratia
808 581 902 652 ipsius
922 581 1030 636 sutiru-
1085 582 1388 650 tentaverit,secundo
1405 585 1526 640 tertiove
1541 585 1745 656 commonita,
1758 586 1785 641 si
1802 603 1867 642 non
1884 604 1932 644 sa-

197 677 396 749 gantemente
415 671 752 742 liberaperseverentet
769 669 1029 738 ordooanouicus,
1086 670 1252 728 tisiactiona
1279 689 1409 746 congrua
1433 673 1644 743 emendaverit,
1663 691 1755 732 ream
1773 693 1806 732 se
1829 675 1930 734 divino

196 762 246 835 qni
259 760 425 817 secuudum
437 761 529 816 Deum
541 764 570 814 et
580 759 659 815 beati
669 758 825 832 Augustini
836 758 968 831 regulam
977 757 1031 813 ibi·
1081 757 1196 830 judicio
1219 761 1345 818 existere
1360 763 1396 818 de
1418 768 1587 836 perpetrata
1609 763 1782 836 iniquitate
1806 781 1933 838 cognos-

197 853 265 910 dam
275 855 453 922 cooperante
464 849 589 906 liomino
602 846 913 914 noscitnrinstitutus,
925 862 1032 919 perpe-
1086 853 1295 920 ceteraeque
1309 853 1346 906 od
1358 853 1469 906 uerbum
1482 853 1685 908 AmemFacta
1698 857 1788 909 carta
1804 853 1930 912 liberta-

197 936 1032 1012 tuistemporibusinviolabiliterconserveturtiontirma·
1087 939 1126 991 tis
1141 936 1231 1010 hujus
1247 939 1591 1008 meuseMartio,Erarroo
1602 947 1758 1015 regnante
1775 947 1807 998 et
1819 945 1931 999 contir-

199 1045 268 1086 mus
283 1028 374 1102 igitur
388 1033 417 1084 et
428 1028 555 1084 firmiter
568 1027 726 1083 statuimus
738 1033 771 1081 ut
780 1026 859 1082 idem
881 1029 1029 1082 monaste·
1086 1031 1186 1082 munte
1203 1026 1352 1084 lldeionso
1372 1029 1558 1102 rortugaten.
1575 1045 1656 1103 rege.
1674 1031 1739 1104 Ego
1756 1031 1795 1086 u.
1813 1032 1928 1089 Colim-

199 1119 278 1175 rium
292 1134 360 1174 curn
371 1116 628 1188 suisparochiiset
637 1115 828 1187 parochianis
841 1113 1031 1172 etconiratri·
1086 1114 1341 1190 briemepiscopus
1355 1119 1510 1174 conlirmo.
1526 1120 1584 1192 Ego
1599 1121 1630 1174 P.
1647 1119 1742 1175 Salva
1757 1121 1843 1176 sedis
1857 1123 1929 1178 Sau-

200 1208 256 1264 bus
267 1206 304 1262 ab
315 1206 398 1262 omni
419 1205 582 1278 episcopali
597 1206 667 1277 J'ure
680 1208 711 1259 et
732 1203 886 1260 exactione
908 1204 1030 1260 omnino
1088 1209 1143 1258 cte
1159 1205 1258 1260 ilarie
1272 1206 1355 1278 prior
1369 1207 1585 1279 conflrmoligo
1600 1207 1788 1264 Dominicus
1803 1211 1929 1282 presby-

201 1295 240 1350 sit
269 1294 406 1350 liberum.
424 1295 620 1365 Quaecunque
650 1293 739 1348 etiarn
768 1292 974 1363 possessiones
1002 1295 1033 1347 et
1086 1296 1132 1346 ter
1146 1297 1176 1348 et
1190 1293 1417 1351 archidiaconus
1432 1295 1587 1351 confirmo.
1600 1298 1660 1369 Ego
1678 1297 1930 1371 ll.presbyteret

201 1399 387 1455 quecunque
402 1382 481 1438 bona
497 1382 600 1438 eadem
616 1380 749 1437 Ecclesia
760 1380 791 1435 in
804 1380 1032 1452 presentiarum
1086 1386 1190 1438 cantor
1204 1383 1420 1457 conflrmoEgo
1428 1385 1533 1441 Petrus
1546 1385 1671 1441 ioannis
1681 1385 1850 1458 presbyter
1859 1405 1929 1444 cou-

199 1472 378 1546 possidebit,
390 1471 482 1528 autin
493 1470 626 1527 iuturum
638 1471 831 1526 concessione
846 1469 1032 1542 pontificum,
1087 1469 1186 1526 ilrmo.
1201 1471 1259 1544 Ego
1275 1473 1310 1527 ll.
1326 1472 1482 1546 presbyter
1496 1474 1662 1530 etsacrista
1678 1476 1850 1534 confirmo.
1870 1479 1926 1550 Ego

201 1562 360 1635 largitione
368 1577 473 1635 regum
482 1561 528 1618 vel
539 1559 878 1632 principum,oblatione
887 1559 1032 1634 fidelium,
1086 1558 1249 1630 Cyprianus
1264 1561 1419 1633 presbyter
1427 1563 1645 1634 conllrmoEgo
1657 1562 1754 1619 Talus
1771 1565 1928 1637 presbyter

203 1655 366 1724 prestante
378 1651 504 1706 Domino
515 1650 625 1723 poterit
634 1648 859 1721 adipisci,vobis
869 1649 1033 1720 vestrisque
1086 1647 1241 1704 contirmo.
1258 1651 1317 1722 Ego
1333 1650 1499 1723 Cyprianus
1513 1651 1672 1724 presbyter
1687 1653 1855 1710 confirmo.
1870 1657 1925 1728 Ego

204 1739 431 1798 successoribus
442 1744 471 1796 et
481 1755 535 1811 per
545 1755 596 1794 yos
607 1738 755 1811 predicte
766 1737 905 1794 Ecclesia
920 1738 1033 1794 Sanctae
1047 1769 1074 1836 B
1090 1735 1300 1810 Gopresbyter
1313 1738 1529 1813 conflrmoEgo
1545 1739 1788 1813 christophorus
1804 1741 1926 1814 presby-

203 1828 454 1901 (iruoispresenti
469 1827 839 1900 paginacouilrmamuszin
850 1825 958 1897 quibua
968 1827 1032 1883 bec
1090 1831 1134 1880 ter
1145 1825 1300 1882 confirmo.
1316 1828 1375 1900 Ego
1388 1829 1493 1884 Petrus
1518 1829 1677 1902 presbyter
1692 1836 1725 1887 et
1745 1831 1925 1888 archidiaco-

204 1916 344 1973 duximus
369 1917 499 1989 propriis
523 1915 717 1988 exprimenda
736 1915 897 1972 vocabulis.
924 1915 1033 1972 Omnes
1086 1928 1144 1968 nus
1159 1915 1376 1989 oontlrmo.Ego
1385 1917 1454 1973 Telo
1463 1917 1573 1990 Pelagii
1588 1919 1755 1992 presbyter
1768 1921 1923 1976 confirmo.

202 2005 342 2062 videlicet
359 2005 502 2062 ecclesias
514 2005 546 2060 in
559 2005 662 2060 Castro
674 2004 798 2061 leirene
809 2005 880 2060 etin
897 2004 1033 2060 terminis
1087 2003 1146 2075 Ego
1161 2002 1283 2059 loannis
1297 2005 1452 2078 presbyter
1466 2011 1496 2062 et
1510 2007 1688 2078 capellanus
1705 2009 1923 2084 conilrmo.Ego

203 2095 361 2166 ajus,sicut
371 2095 542 2150 continetur
555 2093 585 2150 in
598 2098 780 2150 testamento
790 2093 878 2166 regis;
892 2093 1033 2150 ecclesias
1090 2091 1142 2146 Gu.
1159 2091 1315 2165 presbyter
1329 2093 1484 2150 conilrmo.
1501 2095 1560 2168 Ego
1580 2096 1725 2168 Magister
1750 2097 1924 2154 Laurentius

204 2184 303 2240 Sancti
320 2183 446 2240 Romani
462 2187 492 2239 et
506 2183 620 2239 Sancte
643 2183 742 2238 llarie
757 2181 793 2238 de
818 2183 913 2249 Sena;
938 2183 1034 2239 eccle·
1087 2178 1243 2251 presbyter
1257 2181 1412 2237 conllrmo.
1425 2183 1484 2255 Ego
1499 2183 1620 2240 Suarius
1635 2183 1803 2258 presbyter
1816 2187 1922 2242 conlir·

186 2273 280 2334 siam
296 2273 396 2330 Sancti
417 2272 539 2328 loannis
562 2272 599 2328 de
624 2271 759 2340 Alcoba;
776 2271 849 2328 eccl.
866 2271 902 2327 de
919 2272 990 2326 llira
1005 2276 1035 2327 et
1088 2283 1147 2324 mo.
1165 2269 1222 2342 Ego
1239 2271 1270 2326 P.
1287 2269 1444 2326 Salvatoris
1460 2271 1615 2344 presbyter
1634 2275 1801 2332 confirmo.
1820 2277 1877 2348 Ego
1892 2277 1921 2330 P.

204 2361 281 2416 eccl.
299 2361 335 2417 de
349 2360 519 2428 Talaveri03
545 2359 618 2418 eccl.
634 2360 671 2416 de
686 2358 826 2416 laurizal.
843 2361 952 2416 Omnes
967 2359 1033 2417 illas
1087 2356 1209 2413 loannis
1224 2356 1367 2416 diaconus
1378 2359 1533 2415 contlrmo.
1551 2362 1609 2434 Ego
1625 2363 1663 2416 ll.
1677 2363 1842 2437 presbyter
1855 2379 1921 2419 oon·

204 2451 280 2508 eccl.
297 2467 372 2524 quas
387 2451 418 2508 in
439 2451 544 2508 restris
555 2450 798 2523 populationibus
811 2451 931 2507 noviter
940 2450 1034 2507 editt·
1089 2443 1184 2500 firmo.
1202 2447 1260 2520 Ego
1277 2446 1334 2503 Sua
1348 2449 1426 2504 Petri
1441 2449 1596 2522 presbyter
1610 2452 1775 2510 conilrmo.
1795 2453 1853 2526 Ego
1868 2453 1921 2508 lio-

205 2540 505 2613 caveritis.Quidquid
520 2540 610 2596 etiam
625 2539 706 2596 aliud
721 2539 847 2596 illustris
862 2555 914 2596 rex
928 2540 1034 2595 Portu·
1089 2533 1217 2591 minicus
1232 2535 1386 2608 presbyter
1401 2538 1574 2595 confirmo·e
1590 2537 1666 2604 Quia
1681 2541 1852 2598 veronobis
1866 2557 1920 2597 non

204 2630 306 2702 galen.
323 2629 406 2686 vobis
420 2629 512 2686 dedit.
529 2630 604 2685 Sane
620 2629 757 2685 laborum
771 2633 946 2696 vestrorum,
959 2645 1034 2700 quos
1091 2623 1225 2679 constitit
1237 2623 1276 2680 de
1291 2625 1463 2697 premissis,
1481 2643 1600 2684 causam
1625 2628 1727 2700 ipsam
1743 2629 1828 2686 robis
1842 2628 1921 2687 duxi·

203 2719 330 2792 propriis
359 2718 499 2774 manibus
523 2723 575 2774 aut
598 2717 766 2790 sumptibus
789 2715 898 2784 colitis,
915 2717 975 2772 sive
1000 2717 1038 2773 de
1089 2728 1156 2769 mus
1167 2713 1428 2782 committendam,
1444 2729 1498 2786 par
1512 2715 1680 2787 apostolica
1705 2719 1820 2790 scripta
1843 2735 1922 2774 man-

201 2807 369 2864 redditibus
392 2806 601 2862 hereditatum
628 2810 804 2874 vestrarum,
821 2821 874 2861 seu
898 2805 1037 2862 villarum
1094 2800 1201 2857 dantes
1216 2807 1363 2874 quatenus
1388 2804 1501 2860 vocatis
1525 2803 1563 2860 ad
1578 2805 1777 2876 presentiam
1800 2813 1920 2863 vestram

203 2913 258 2952 neo
275 2911 328 2968 ego
345 2911 400 2951 nec
425 2893 534 2966 aliquis
550 2894 758 2966 episcoporum
779 2893 878 2965 quiin
895 2894 951 2950 bac
967 2893 1036 2949 sede
1093 2907 1168 2962 quos
1184 2896 1306 2964 propter
1320 2891 1376 2948 hoc
1390 2892 1522 2950 videritis
1537 2895 1718 2965 evocandos,
1736 2912 1829 2970 super
1849 2913 1920 2970 pre·

204 2988 272 3056 post
285 3000 332 3040 me
349 2984 460 3039 sessuri
475 2989 575 3052 sunta
586 2983 668 3038 vobis
682 2981 815 3037 decimas
832 2981 948 3055 exigere
959 2999 1036 3054 pre·
1093 2979 1194 3036 missis
1218 2979 1376 3052 inquiratis
1400 2981 1518 3054 plenius
1542 2983 1711 3054 veritatem,
1729 2991 1759 3041 et
1781 3003 1872 3058 usqua
1886 2985 1919 3040 ad

209 3077 319 3128 sumat.
336 3071 448 3142 Siquis
466 3071 502 3127 ad
518 3071 596 3127 Eccl.
621 3076 749 3127 vestram
775 3071 908 3126 converti
924 3072 1037 3126 volueri
1092 3064 1281 3123 diffinitivam
1292 3069 1471 3126 sententiam
1480 3075 1595 3126 remoto
1604 3073 1822 3144 appellationis
1832 3073 1920 3129 obsta·

211 3167 241 3216 et
251 3160 361 3217 ibidem
379 3159 512 3218 habitum
528 3159 681 3234 religionis
697 3175 860 3228 assumere,
871 3157 973 3215 nullus
987 3137 1077 3216 ιιι-0
1091 3154 1375 3228 compromittentes,
1391 3163 1473 3231 gesta
1484 3160 1584 3216 omnia
1594 3160 1683 3217 nobis
1695 3161 1861 3236 sigillorum
1875 3177 1918 3216 ve·

212 3250 282 3307 deat
296 3249 466 3324 prohibere.
482 3248 670 3322 Sepulturam
695 3265 814 3322 quoque
830 3248 964 3320 ejusdem
981 3248 1040 3322 ioci
1094 3249 1223 3300 atrorum
1232 3246 1399 3303 munimine
1408 3248 1547 3304 roborata
1557 3249 1816 3320 mittatis,certum
1827 3250 1918 3307 termi-

209 3337 337 3394 liberum
354 3354 419 3394 essa
443 3337 654 3406 concedimus;
671 3343 705 3394 ut
718 3336 856 3394 videlicet
869 3337 1040 3408 quicunque
1094 3347 1165 3388 uum
1174 3333 1309 3404 partibus
1319 3337 1507 3408 assignantes
1517 3337 1555 3393 ad
1565 3354 1655 3410 quem
1672 3345 1838 3413 receptare
1853 3355 1915 3396 sen-

213 3426 342 3482 clericus
357 3427 417 3482 sive
432 3427 526 3483 laicus
545 3443 577 3490 se
592 3425 654 3482 illic
678 3426 797 3499 sepeliri
821 3425 1038 3492 deliberaverit,
1093 3422 1216 3478 tentiam
1231 3428 1333 3480 nostro
1349 3440 1380 3480 se
1395 3426 1567 3498 conspectui
1581 3435 1811 3500 representem.
1823 3431 1914 3484 Testes

211 3515 276 3585 ejus
287 3515 436 3572 devotioni
449 3519 479 3570 et
488 3519 628 3572 extreme
638 3514 783 3571 voluntati
793 3513 894 3570 nullus
904 3513 1038 3570 obsistat,
1093 3515 1244 3584 coguntur.
1261 3511 1385 3578 Quodsi
1408 3529 1524 3582 omnes,
1541 3520 1609 3582 etc,
1624 3514 1686 3572 duo
1707 3523 1846 3586 vestrum,
1862 3522 1911 3572 etc.

213 3603 271 3660 nisi
283 3603 360 3660 iorte
371 3609 522 3679 anteapro
534 3603 635 3676 aliqua
655 3602 825 3660 rationabili
845 3619 934 3660 causa
948 3602 1039 3660 luerit
1130 3600 1239 3656 Datum
1254 3601 1349 3670 licat,
1365 3618 1384 3657 ιι
1397 3602 1467 3658 ldus
1481 3603 1614 3676 Augusti.

210 3693 494 3761 excommunicatus,
511 3693 553 3749 ita
563 3698 663 3749 tamen
673 3698 706 3748 ut
716 3692 752 3749 de
763 3691 825 3748 suis
835 3691 921 3746 bonis
932 3692 1037 3748 Eccle·
1405 3691 1595 3750 cccxxxiii.

211 3781 263 3835 sie
274 3797 334 3837 sue
345 3788 460 3853 partem
470 3781 707 3837 iaciat.Cbrisma
717 3779 952 3852 quoque,oIeum
967 3797 1037 3836 san·
1304 3793 1455 3836 aannirmv.
1480 3795 1706 3840 aucurarrscoro.

212 3869 548 3936 ctum,consecrationes
556 3869 695 3924 altarium
706 3885 758 3924 seu
769 3868 971 3938 basilicarum,
986 3886 1037 3924 or·
1090 3866 1263 3930 Quodmutus
1272 3868 1403 3923 etsurdus
1417 3870 1521 3940 possint
1532 3873 1739 3928 matrimonium
1750 3871 1907 3928 contrahere.

210 3955 380 4014 dinationcs
392 3957 579 4026 clericorum,
595 3957 685 4031 gratis
693 3961 723 4013 et
732 3957 844 4028 absque
859 3957 921 4012 ulla
939 3958 1036 4030 pravi·
1280 3955 1378 4028 (Apud
1394 3957 1424 4013 S,
1438 3958 1559 4015 Petrum
1574 3959 1616 4016 ld.
1629 3960 1722 4035 tulii).

210 4051 269 4101 tate
280 4062 334 4101 nos
345 4047 426 4102 vobis
437 4063 557 4118 semper
572 4046 784 4114 exhibeamus;
801 4063 856 4101 nec
870 4045 979 4102 habeat
994 4048 1034 4104 ibi
1125 4042 1200 4114 (⁴23)
1216 4043 1288 4099 Cum
1304 4043 1382 4116 apud
1406 4044 1507 4101 sedem
1529 4048 1737 4120 apostolicam,
1763 4049 1819 4118 cui,
1844 4046 1908 4102 licei

209 4134 367 4207 episcopus
378 4134 542 4206 quamlibet
552 4139 729 4206 potestatem
740 4134 906 4206 imperandi
915 4135 959 4191 vel
969 4153 1034 4207 pro·
1088 4131 1240 4201 immeriti,
1265 4133 1469 4204 presidemus,
1486 4135 1577 4192 totius
1601 4137 1809 4194 ecclesiastice
1824 4134 1904 4192 disci·

209 4211 331 4279 bibendi
347 4225 393 4279 vel
408 4224 539 4294 aliquam
556 4222 785 4292 ordinationem,
798 4222 1034 4294 quamvislevis-
1088 4219 1178 4292 pline
1200 4221 1329 4278 resideat
1342 4223 1543 4296 magistratus,
1558 4225 1682 4299 dignum
1706 4233 1752 4284 est
1765 4231 1795 4283 et
1808 4238 1903 4280 conso·

208 4311 315 4368 simam
326 4311 525 4382 iaciendi,nisi
536 4311 628 4368 luerit
637 4317 756 4385 rogatus
768 4329 775 4378 ;
787 4315 934 4383 quatenus
944 4329 1034 4369 cano-
1087 4323 1160 4364 num
1173 4309 1283 4366 rationi
1307 4317 1341 4367 ut
1354 4312 1471 4384 quoties
1485 4313 1564 4370 circa
1580 4316 1699 4388 negotia
1724 4314 1804 4372 varia
1824 4317 1851 4369 et
1864 4309 1903 4365 di-

208 4401 268 4456 nici
284 4401 594 4473 sempermaneantin
605 4401 752 4472 majorum
764 4417 885 4456 snorum
903 4401 1034 4474 perfecta
1086 4413 1171 4454 versa
1186 4399 1348 4470 quidquam
1370 4401 1564 4460 dubitationis
1584 4406 1751 4473 emerserit,
1767 4403 1804 4460 ad
1818 4399 1904 4474 ipsius

209 4490 356 4546 libertate.
374 4492 443 4548 Etsi
455 4491 599 4564 quaicrte
611 4505 700 4546 causa
717 4491 795 4546 inter
812 4490 869 4546 boc
879 4497 1029 4548 monaste·
1045 4498 1071 4562 D
1083 4486 1230 4560 judicium
1244 4495 1425 4562 recurratur,
1432 4506 1497 4562 que
1507 4491 1685 4564 disponente
1700 4493 1822 4550 Domino
1832 4490 1903 4544 inter

209 4580 287 4636 rium
299 4584 328 4636 et
338 4586 470 4636 nostram
481 4581 583 4636 sedem
595 4580 727 4636 evenerit
736 4584 766 4634 et
775 4579 898 4652 paeiiice
913 4581 992 4636 inter
1006 4597 1036 4636 se
1092 4593 1196 4632 omnes
1209 4577 1357 4634 Ecclesiae
1372 4579 1508 4636 obtinere
1522 4582 1633 4637 meruit
1646 4583 1848 4655 principatum.
1859 4578 1901 4631 Sa·

209 4684 269 4724 non
279 4669 409 4741 potuerit
424 4669 670 4741 terminari,apud
685 4667 839 4741 religiosos
849 4669 926 4724 viros
939 4670 1033 4726 ileum
1088 4679 1127 4720 ue
1141 4665 1319 4721 consuluisti
1345 4683 1400 4723 nos
1423 4682 1477 4740 per
1500 4670 1622 4726 nuntios
1645 4675 1674 4726 et
1697 4671 1809 4726 litteras
1833 4670 1899 4728 tuas,

209 4757 347 4814 timentes
372 4759 436 4814 sine
448 4757 615 4814 voluntaria
636 4757 779 4813 dilatione
801 4757 934 4814 liniatur.
952 4759 1033 4814 lianc
1087 4759 1187 4810 utrum
1202 4761 1303 4810 mutus
1317 4759 1349 4811 et
1362 4756 1471 4812 surdus
1485 4757 1574 4814 alicui
1596 4761 1691 4832 possit
1704 4753 1898 4815 matrimonia·

208 4861 277 4918 ergo
300 4846 453 4918 scripture
471 4846 560 4918 hujus
579 4847 718 4919 paginam
738 4843 820 4900 omni
845 4845 875 4900 in
899 4844 1033 4901 iuturum
1087 4841 1157 4898 liter
1171 4843 1362 4914 copularihd
1378 4845 1457 4916 quod
1469 4843 1647 4903 fraternitati
1663 4853 1721 4904 tue
1736 4845 1832 4903 taliter
1843 4855 1898 4896 res·

209 4939 342 5008 tempore
353 4935 388 4991 ab
401 4934 541 4992 omnibus
552 4935 773 4992 successoribus
790 4934 900 4990 nostris
915 4934 1033 4990 tlrmam
1087 4930 1264 5003 pendemus,
1280 4930 1442 5002 quodcum
1466 4935 1697 5006 prohibitorium
1721 4936 1759 4992 sit
1779 4931 1896 4989 edictum

210 5024 369 5081 statuimus
384 5023 588 5095 illibatamque
599 5023 726 5091 servari;
743 5029 776 5078 ut
786 5022 908 5078 remotis
918 5023 1033 5079 cunctis
1087 5019 1124 5075 de
1147 5019 1338 5078 matrimonio
1362 5023 1575 5094 contrahendo,
1599 5029 1634 5081 nt
1656 5026 1820 5098 quicunque
1841 5029 1894 5074 non

208 5112 422 5180 vexationibus,
438 5113 570 5168 divinum
581 5129 656 5185 opus
667 5128 733 5168 cum
750 5127 867 5167 summa
877 5111 970 5168 animi
981 5111 1034 5168 de·
1087 5108 1272 5180 prohibetur,
1288 5126 1341 5181 per
1355 5113 1601 5183 consequentiam
1615 5113 1786 5170 admittatur
1799 5115 1826 5166 et
1838 5104 1892 5162 sus·

207 5202 324 5258 votione
345 5201 502 5273 perficiant
523 5205 553 5257 et
576 5201 606 5256 iu
627 5199 812 5256 orationibus
830 5205 861 5254 et
880 5199 1032 5256 beneflciis
1087 5197 1168 5252 iioiat
1182 5197 1219 5253 ad
1233 5197 1457 5254 matrimonium
1473 5200 1554 5256 solus
1569 5218 1732 5279 consensus
1753 5192 1890 5257 comrade

207 5289 341 5362 ejusdem
354 5290 527 5346 monasterii
538 5294 653 5361 partem
669 5304 787 5360 semper
810 5286 982 5343 habeamus.
998 5290 1034 5344 Et
1087 5303 1213 5360 quornm
1230 5303 1414 5360 quarumque
1430 5291 1692 5363 conjunctionibus
1705 5292 1804 5367 agitur,
1818 5283 1888 5341 vide·

205 5379 378 5450 utepiscopi
390 5377 544 5451 etpriores
554 5378 643 5451 hujus
655 5377 732 5432 sadis
745 5375 949 5448 specialiteriu
961 5377 1031 5432 llar-
1087 5383 1135 5433 tur
1149 5377 1227 5449 quod
1243 5377 1268 5434 si
1284 5376 1351 5432 talis
1372 5377 1443 5433 velit
1465 5381 1653 5452 contrahere,
1671 5381 1793 5438 sibinen
1807 5370 1889 5448 possit

206 5467 350 5541 tyrologio
361 5472 456 5523 vestro
463 5467 689 5524 conscribantur
698 5471 728 5522 et
736 5465 934 5536 proomnibus
943 5481 1031 5522 cano·
1086 5465 1131 5522 vel
1146 5465 1254 5522 debeat
1268 5464 1408 5539 denegari
1419 5482 1426 5534 ς
1439 5482 1507 5523 cum
1522 5468 1603 5540 qnod
1616 5471 1712 5528 verbis
1721 5481 1778 5525 nou
1791 5461 1884 5537 potest.

206 5554 282 5611 uicis
293 5555 323 5610 in
334 5570 514 5626 unoquoque
525 5571 603 5612 anno
619 5552 786 5610 communis
800 5559 1031 5611 commemorato
1087 5555 1178 5629 signis
1193 5555 1271 5612 valet
1283 5554 1447 5612 declarare.

206 5641 302 5700 tiatSi
317 5657 376 5714 qua
387 5643 493 5700 amodo
507 5642 708 5700 ecclesiastica
722 5641 909 5700 secularisve
926 5659 1030 5716 perso·
1121 5645 1227 5702 ilatum
1237 5643 1423 5717 aomeopur
1436 5645 1576 5706 Sanctum
1586 5643 1828 5718 Petrum,ldibus
1837 5633 1878 5693 lul

242 5729 317 5804 (lut)
331 5731 401 5801 Gap.
418 5728 485 5788 Gom
494 5731 569 5803 opud
581 5731 680 5802 sederi,
695 5731 736 5788 ns
750 5729 881 5806 sponsal.
898 5735 929 5791 et
942 5733 1151 5796 matrimoniis.
