3956 6056
70 235 123 288 353
461 317 464 326 γ
589 241 841 301 rorvvmlctrus
859 245 955 302 ANNO
973 246 996 314 1,
1016 243 1155 302 CHRISTI
1177 247 1255 302 tltltl.
1726 249 1780 304 sat

67 357 163 416 uestis
182 361 296 432 gratem
316 361 546 434 conniventiam,
567 366 786 441 impendentes,
803 372 896 427 statu-
911 368 1038 451 Ahcrp.
1064 370 1236 428 mansiones
1261 369 1297 426 de
1326 369 1494 426 Gesnetolte
1525 374 1555 426 et
1574 370 1612 427 de
1643 371 1782 446 llurboge

67 452 132 504 lum
148 447 221 504 illud
238 449 317 520 quod
340 451 532 511 charissimus
547 455 578 512 in
602 458 718 514 Christo
734 457 814 514 illius
829 475 902 515 nos.
954 476 1022 516 curn
1035 459 1174 516 omnibus
1198 459 1388 531 pertinentiis
1412 475 1526 528 earum,
1549 460 1719 516 mansiones
1741 461 1779 516 de

65 540 114 592 ter
127 537 290 595 ll.illustris
304 541 467 614 Anglcrum
479 561 631 618 rexsuper
645 547 784 604 libertate
799 565 834 604 ac
846 549 900 602 im·
955 549 1130 604 barsuerthe
1147 554 1176 604 et
1189 549 1226 605 de
1239 550 1369 622 ll'igurm
1384 565 1452 604 cum
1466 548 1605 604 omuibus
1619 550 1779 621 pcrtinen-

62 626 213 684 munitate
223 628 462 688 Ecclesiarumet
474 649 671 706 personarum
682 635 817 708 ipsarum
827 639 899 708 post
954 635 1004 691 tiis
1019 637 1307 705 earum,mansiones
1322 637 1358 693 de
1373 637 1530 709 llusiretop
1546 641 1576 693 et
1590 635 1628 692 dc
1640 637 1778 694 llaverthi

64 714 305 788 redemptionem
327 719 374 776 sui
402 723 524 794 provida
550 724 766 782 deliberatione
789 725 898 782 iecisse
953 741 1022 781 cum
1045 725 1185 782 omnibus
1204 725 1392 798 pertinentiis
1416 741 1530 794 earum,
1546 725 1718 782 mansiones
1742 725 1779 782 de

64 802 261 878 dignoscitur,
283 807 361 864 sicut
383 809 414 866 in
436 812 546 884 scriptu
568 813 664 886 ipsius
688 814 767 887 regis
791 811 900 871 exinde
953 814 1071 887 Burgbu
1083 818 1113 870 et
1128 814 1164 870 de
1177 816 1366 872 Hiartbarum
1382 831 1449 870 cum
1472 814 1610 872 omnibus
1624 815 1779 887 pertinen·

64 892 201 950 confecto
216 895 334 968 plenius
350 899 530 970 continetur,
541 903 719 960 auctoritate
735 901 901 975 apostolica
953 905 1003 962 tiis
1018 921 1121 962 earum
1137 911 1166 962 et
1188 906 1357 962 universam
1380 909 1496 977 partem
1519 921 1622 962 earum
1646 921 1712 977 quae
1727 922 1779 962 ac-

62 983 279 1040 confirmamus
293 990 324 1042 et
337 989 492 1058 presentis
508 991 611 1063 scripti
637 992 746 1065 pagina
759 1007 900 1048 commu.
953 994 1073 1065 quisivit
1086 995 1225 1051 Nicotaus
1239 993 1421 1050 castellanus
1437 999 1516 1062 tuus,
1535 995 1621 1067 juxta
1642 999 1778 1052 tenorem

63 1071 186 1139 nimus;
202 1077 233 1128 et
251 1073 288 1130 ad
316 1073 406 1148 hujus
433 1077 477 1132 rei
504 1083 681 1151 perpetuam
711 1079 899 1152 firmitatem,
952 1082 1030 1154 pacti
1046 1083 1125 1154 quod
1141 1083 1283 1139 intervos
1297 1082 1444 1140 convenit.
1461 1082 1539 1138 Nulli
1553 1098 1634 1156 ergo,
1650 1087 1707 1141 etc.

63 1161 283 1218 continentiam
298 1162 392 1235 ipsius
407 1166 544 1238 rescripti
559 1167 596 1224 de
611 1167 699 1224 verbo
718 1168 756 1224 sd
772 1168 896 1224 verbum
988 1173 1095 1228 Datum
1109 1172 1236 1241 Perusii,
1251 1189 1269 1228 x
1283 1171 1347 1228 llal.
1364 1169 1509 1228 Octobris.

61 1247 110 1304 bis
125 1248 266 1307 dommus
289 1251 493 1312 inserendam.
519 1258 679 1314 chuaanus
701 1279 715 1308 ιι
732 1257 784 1313 liei
800 1257 895 1330 gratia
1273 1252 1459 1308 CCCLXXIII.

62 1354 115 1394 rex
140 1339 265 1414 Angliae,
287 1340 347 1398 dux
369 1344 570 1415 Normannim,
595 1347 773 1420 Aquitania,
795 1363 897 1404 comes
1165 1353 1557 1398 Pmoassvstfltl·flt’1⁵0⁰1’⁰·

61 1428 295 1502 andegavensis,
312 1431 545 1506 archiepiscopis
564 1440 595 1492 et
617 1437 767 1509 episcopis
785 1440 815 1492 et
828 1435 898 1492 uni·
951 1428 1099 1500 confimat
1112 1435 1245 1486 statutum
1259 1431 1292 1486 dc
1306 1447 1355 1487 sea
1366 1430 1579 1501 praebendarum
1596 1430 1778 1488 institutione·

61 1532 149 1574 verso
165 1518 245 1575 clero
258 1521 341 1592 regni
358 1521 482 1594 anglia,
499 1524 636 1581 salutem.
654 1525 768 1582 Gratias
781 1525 897 1598 sginum
1145 1519 1285 1588 (Perusii,
1300 1535 1329 1575 vr
1344 1518 1408 1574 llal.
1422 1517 1579 1588 Octobris).

61 1607 241 1664 affectuosas
265 1609 451 1668 universitati
475 1619 580 1669 vestre
606 1631 660 1686 pro
686 1629 720 1671 eo
749 1612 830 1686 quod
858 1613 895 1670 de
986 1607 1081 1664 Oillcii
1097 1608 1190 1664 nostri
1206 1607 1341 1664 debitum
1366 1613 1396 1662 et
1409 1605 1538 1664 ebaritas
1563 1605 1701 1664 ordinata
1723 1624 1776 1666 re-

61 1696 215 1754 tbcsauris
230 1701 260 1754 et
274 1700 459 1756 ornamentis
474 1702 684 1760 ecclesiasticis
700 1707 729 1760 et
742 1701 895 1760 facultati·
951 1695 1044 1766 quirit
1066 1701 1099 1751 ui
1124 1712 1189 1768 tittae
1205 1712 1222 1752 a
1236 1695 1379 1752 mitibus
1403 1699 1433 1751 θῐ
1456 1695 1640 1767 ⁰0³Pi⁵⁰⁰l³i⁵
1663 1697 1775 1753 110⁵lri⁵

62 1783 120 1840 bus
134 1785 240 1842 vestris
261 1785 299 1842 ad
313 1803 420 1860 corpus
443 1795 579 1847 nostrum
601 1790 811 1848 redimendum
833 1795 894 1848 tam
950 1787 1017 1840 acta
1030 1783 1220 1842 laudabiliter
1233 1783 1355 1851 luerint,
1371 1783 1556 1839 auctoritatis
1571 1789 1680 1840 nostras
1694 1802 1775 1857 pra-

62 1872 196 1946 benigne
208 1874 294 1931 nobis
318 1879 348 1932 et
366 1876 531 1934 liberaliter
556 1879 734 1937 subvenistis
758 1885 788 1936 et
814 1881 894 1952 quod
950 1872 1025 1928 sidio
1041 1873 1246 1930 inconvulsam
1259 1873 1415 1928 obtineant
1423 1872 1596 1928 llrmitatem
1611 1879 1640 1928 et
1654 1873 1774 1945 plenam

61 1961 153 2018 nobis
168 1963 199 2019 in
215 1968 297 2020 tanta
311 1966 488 2022 necessitate
501 1983 549 2023 res
563 1967 762 2025 Ecclesiarum
777 1974 892 2025 vestra-
949 1961 980 2016 in
996 1961 1094 2018 lutura
1109 1961 1215 2036 agendi
1237 1961 1378 2018 ilduciam
1400 1959 1533 2016 tribuant
1551 1963 1677 2033 potiora.
1693 1962 1775 2018 Sicut

61 2067 132 2106 rum
148 2058 178 2110 et
192 2058 302 2110 vestras
316 2055 408 2127 gratis
423 2072 571 2128 exponere
585 2057 732 2114 voluistis.
748 2060 789 2114 Ne
804 2058 894 2131 igitur
949 2057 1048 2108 aulem
1064 2067 1100 2108 0¹
1114 2056 1197 2124 parte
1213 2057 1274 2119 tut,
1290 2049 1468 2107 venerabilis
1483 2049 1515 2105 iu
1541 2049 1656 2106 Christo
1671 2050 1774 2120 freter,

62 2141 146 2211 quod
161 2141 197 2198 de
213 2158 296 2199 mera
310 2143 488 2202 liberalitate
503 2145 614 2202 archis
630 2151 730 2203 aetum
746 2151 792 2202 est
805 2146 844 2202 ad
856 2146 893 2202 li-
949 2139 1059 2196 nostris
1075 2146 1120 2197 est
1131 2140 1254 2197 auribus
1273 2139 1454 2208 intimatum,
1470 2137 1608 2196 debonis
1632 2139 1776 2212 patrimo·

60 2227 250 2288 berationem
264 2233 498 2305 corporisnestri
507 2240 537 2291 et
549 2235 733 2292 ineffabilem
747 2235 893 2292 honorem
948 2228 1078 2286 nialibus
1092 2235 1123 2286 et
1134 2229 1202 2286 aliis
1216 2245 1282 2301 ques
1306 2227 1524 2284 rationabiliter
1537 2227 1676 2300 acquisiti
1691 2244 1725 2285 ac
1738 2228 1777 2286 de

60 2323 91 2374 et
106 2320 269 2378 utilitatem
281 2321 535 2389 nostram,luturis
547 2323 742 2396 temporibus,
758 2323 894 2380 trabatur
948 2317 996 2374 bia
1009 2333 1076 2390 quae
1098 2319 1260 2374 commissa
1285 2316 1337 2373 tibi
1361 2316 1494 2373 Ecclesia
1515 2317 1598 2389 prius
1621 2316 1776 2387 habuerat,

58 2407 92 2463 in
116 2411 363 2482 consequentiam
387 2417 417 2468 et
439 2416 550 2468 sancta
575 2412 663 2468 matri
684 2411 823 2467 Ecclesia
846 2411 893 2468 vel
947 2423 1000 2463 sex
1011 2407 1187 2480 praebendas
1195 2405 1316 2478 provide
1329 2405 1458 2462 statuisti
1468 2405 1779 2480 canonicisassignan·

59 2495 147 2553 vobis
162 2497 353 2570 dispendium
379 2515 477 2570 pravae
497 2499 639 2571 importet
655 2499 891 2571 consuetudinis,
948 2494 1001 2552 das
1016 2496 1067 2566 qui
1081 2495 1178 2552 eidem
1188 2493 1327 2552 Ecclesia
1342 2493 1470 2550 debeant
1480 2492 1697 2552 deservireNos
1708 2511 1778 2569 ergo

57 2585 97 2642 ad
113 2587 250 2644 omnium
275 2588 412 2643 volumus
436 2587 575 2643 notitiam
596 2588 750 2658 pervenire
765 2587 844 2658 quod
858 2603 894 2644 ea
948 2587 1092 2640 statutum
1107 2583 1205 2656 ipsum
1221 2582 1318 2656 dignis
1333 2583 1365 2638 in
1380 2582 1506 2638 llomino
1530 2581 1668 2639 laudibus
1694 2599 1777 2640 com-

59 2692 129 2746 quas
146 2673 232 2730 nobis
248 2675 279 2730 in
303 2674 446 2746 predicto
468 2675 657 2732 necessitatis
680 2675 806 2732 articulo
821 2691 893 2732 con·
947 2670 1171 2740 mendantcs,ut
1184 2671 1311 2728 tirmiter
1319 2671 1459 2728 omnibus
1466 2671 1574 2727 futuris
1589 2671 1774 2744 temporibus

58 2763 244 2830 tulistis‚nec
259 2779 392 2836 uuquam
407 2779 443 2818 ex
456 2763 556 2820 debito
572 2763 618 2820 vel
631 2781 685 2837 per
699 2764 893 2821 consuetudi·
947 2759 1128 2830 observetur,
1145 2765 1233 2834 prout
1246 2761 1461 2832 circumspecte
1476 2763 1506 2815 et
1519 2760 1640 2831 provide
1661 2760 1774 2818 factum

58 2867 135 2908 nem
160 2851 311 2924 exegimus
335 2867 391 2908 nec
415 2853 544 2925 posteris
568 2869 671 2910 sumus
704 2853 891 2926 temporibus
946 2855 992 2906 est
1005 2855 1036 2906 et
1050 2851 1081 2906 in
1096 2849 1267 2906 authentico
1282 2849 1392 2921 scripto
1407 2848 1586 2906 venerabilis
1602 2849 1702 2906 fratris
1717 2867 1773 2907 no-

59 2938 200 2996 exacturi
216 2955 271 2996 nec
293 2939 349 2996 bac
362 2941 409 2997 vel
429 2941 488 3000 alia
511 2942 668 3000 occasione
690 2942 827 3000 volumus
845 2943 893 3000 di·
945 2938 998 2996 stri
1020 2939 1177 2996 haalonis
1201 2937 1335 2994 Lunden.
1361 2938 1576 3012 archiepiscopi
1602 2940 1772 3012 expressius

59 3027 230 3101 gnitatibus
254 3033 364 3086 sanctas
387 3030 489 3086 matris
512 3031 651 3088 Ecclesiae
675 3033 706 3088 in
730 3032 830 3103 aliquo
845 3031 891 3089 vel
945 3028 1124 3097 continetur,
1152 3027 1327 3084 auctoritate
1352 3026 1515 3100 apostolica
1547 3029 1770 3088 confirmamus.

62 3118 131 3190 ejus
141 3115 330 3174 libertatibus
340 3117 522 3188 obviare‚sed
532 3120 674 3192 proomni
684 3137 771 3194 posse
787 3127 891 3181 nostm
905 3098 931 3165 G
945 3118 1024 3174 Nulli
1040 3134 1121 3191 ergo,
1137 3123 1193 3174 etc.

62 3213 94 3261 et
104 3207 704 3277 scientia‚l)eovolente,vulumusomnem
714 3211 893 3284 ejusimmu·
983 3208 1089 3266 Datum
1104 3207 1229 3278 Perusii,
1245 3223 1271 3262 vr
1285 3206 1408 3263 Kalend.
1424 3206 1572 3267 Octobris.

63 3295 191 3350 nitatem
203 3299 232 3350 et
241 3295 394 3354 universas
406 3297 471 3370 eJus
481 3297 639 3368 dignitates
650 3304 680 3355 et
688 3298 893 3368 libertates,ut
1264 3296 1449 3352 ccctxxlv.

63 3383 894 3461 dignumest,conservarelntegrasetprolocoettempo-
1230 3400 1361 3441 ursanus.
1382 3399 1493 3440 nmero.

64 3473 143 3542 re,in
153 3473 262 3545 quibus
273 3473 400 3544 licuerit,
416 3479 638 3548 augmentare.»
654 3474 734 3532 Nulli
747 3492 826 3550 ergo,
836 3481 892 3532 etc.
1143 3473 1267 3540 Qualiter
1281 3473 1371 3544 pallia
1387 3472 1518 3528 eandum
1532 3474 1577 3528 stt.

103 3563 210 3618 ilatum
225 3563 350 3633 Perusii,
364 3580 401 3620 xv
417 3563 479 3620 llal.
496 3563 642 3620 Octobris.
1146 3561 1283 3634 (Perusii,
1301 3577 1327 3614 vr
1341 3560 1404 3616 llal.
1421 3558 1578 3631 Octobris).

394 3651 567 3709 CCGbllllll.
985 3650 1121 3720 Receptis
1136 3654 1197 3705 tam
1212 3647 1389 3705 dilectorum
1403 3647 1534 3705 tiliorum
1549 3647 1670 3720 capituli
1684 3648 1776 3722 Upsa·

223 3756 357 3798 assatura
376 3756 494 3797 nunnus.
514 3755 738 3798 sncnvnrvscoro.
950 3739 1012 3794 len.
1025 3738 1164 3794 Ecclesia
1187 3737 1296 3793 litteris
1311 3753 1400 3808 quam
1424 3735 1556 3808 plurium
1570 3737 1707 3808 aliorum,
1724 3737 1775 3808 qui

66 3832 104 3884 De
119 3831 250 3886 bonoram
265 3831 446 3901 quarumdam
458 3831 610 3900 prasertim
621 3831 703 3886 castri
718 3831 797 3886 llcsil
806 3831 893 3886 dona·
950 3845 1003 3900 pro
1019 3826 1102 3899 pallii
1117 3827 1237 3884 datione
1251 3826 1394 3898 apudnos
1409 3827 1600 3883 vehementer
1613 3826 1775 3896 instabant,

442 3903 524 3958 tinne.
950 3915 987 3971 de
1011 3921 1062 3970 tua
1085 3913 1196 3970 luimus
1220 3913 1408 3985 promotione
1431 3912 1531 3987 gavisi.
1547 3912 1602 3980 Qui
1622 3917 1777 3985 sperantes

264 3990 512 4062 (Pelusiidffl
530 3987 686 4062 0⁰l⁰bfi⁵b
951 4005 982 4060 in
1004 4003 1130 4060 Domino
1154 4000 1245 4074 quod,
1271 4018 1306 4058 eo
1329 4001 1500 4075 adjuvante,
1527 4002 1695 4059 commissae
1722 4002 1777 4059 tibi

102 4080 221 4135 Fratres
237 4085 267 4136 θῑ
280 4079 471 4152 ⁰⁰0l¹i³⁰⁰l³⁰⁵
491 4085 619 4148 ¹¹⁰⁸tr⁰ss
637 4079 895 4152 t1³¹1¹l21¹⁰lli¹1il¹¹⁰³
951 4091 1219 4149 administrationis
1242 4091 1374 4148 olllcium
1386 4091 1496 4148 debeas
1520 4091 1679 4148 salubriter
1693 4108 1778 4148 exer-

70 4183 161 4239 quam
176 4167 262 4239 longe
274 4168 517 4242 positos,sincera
526 4174 664 4225 tenemur
675 4169 897 4226 charitatedili-
952 4195 1029 4247 cere,
1045 4177 1083 4234 ad
1106 4177 1359 4251 augmentandum
1375 4182 1433 4233 tusa
1453 4177 1605 4250 dignitatis
1620 4178 1776 4247 honorem,

70 4272 138 4328 gere
147 4257 286 4330 ipsosque
295 4257 382 4314 iubis
391 4258 543 4331 quasjuste
563 4258 721 4330 requirunt
729 4257 858 4316 libenter
867 4265 898 4316 et
952 4283 1041 4339 quem
1057 4267 1088 4322 in
1104 4267 1293 4339 susceptione
1309 4265 1394 4338 pallii
1409 4283 1441 4322 es
1454 4282 1522 4322 cum
1544 4265 1700 4338 potcstatis
1715 4265 1780 4340 ple·

71 4346 232 4402 eitlcaciter
240 4344 389 4402 exaudire.
399 4348 571 4421 Eupropter,
582 4347 761 4404 venerabilis
769 4348 800 4404 in
811 4348 896 4405 Chri·
953 4355 1089 4412 nitudlne
1105 4359 1309 4426 suscepturus,
1322 4360 1460 4427 prompto
1477 4353 1574 4411 lavore
1589 4353 1718 4412 libenter
1733 4356 1781 4411 in·

71 4439 114 4490 sto
124 4433 228 4503 irater,
243 4435 301 4491 tuis
307 4435 398 4508 justis
409 4435 547 4508 precibus
564 4435 727 4493 clementer
736 4437 897 4494 annuimus
912 4441 939 4507 D
955 4443 1106 4500 tendimus
1121 4441 1158 4498 ad
1173 4443 1346 4500 instantium
1371 4442 1549 4500 dilectorum
1572 4443 1703 4499 liliorum
1725 4445 1782 4500 To-

71 4527 98 4577 et
106 4522 146 4579 ad
157 4523 308 4596 exemplar
317 4523 368 4578 iel.
379 4523 495 4581 record.
508 4523 617 4580 Urbani
627 4539 712 4598 papa
729 4525 897 4597 predeces·
953 4533 1010 4589 bies
1024 4531 1122 4589 nuntii
1139 4531 1318 4588 venerabilis
1338 4531 1439 4587 fratris
1464 4529 1560 4587 nostri
1583 4530 1716 4590 lunden.
1733 4549 1782 4589 ar-

72 4611 147 4667 scris
157 4611 251 4668 nostri
261 4616 392 4668 castrum
404 4611 441 4668 de
452 4612 542 4682 llasii,
554 4613 633 4686 quod
644 4613 895 4672 illustrismemo·
951 4620 1131 4694 <ibiepiscopi
1148 4626 1178 4676 et
1185 4619 1317 4676 Walterii
1330 4620 1427 4676 nuntii
1441 4620 1691 4692 tui,petitionibus
1704 4638 1782 4693 pra·

72 4699 122 4756 riae
135 4699 278 4758 waldem.
295 4700 367 4757 olim
382 4701 542 4758 resbacis
556 4705 613 4758 luas
627 4701 807 4760 fraternitati
823 4719 899 4760 con·
954 4709 1101 4766 dictorum
1116 4707 1294 4765 clementius
1309 4714 1486 4766 annuentes.
1503 4709 1586 4766 Unde
1612 4725 1667 4767 nos
1683 4709 1782 4782 ipsum

73 4791 141 4846 tulit
152 4797 181 4848 et
190 4796 222 4848 tu
233 4790 285 4849 tali
294 4791 648 4865 conditioneinterposita
657 4795 899 4852 Rostlrilden.Ec·
953 4797 990 4854 de
1015 4797 1096 4854 beati
1124 4795 1204 4853 Petri
1228 4813 1352 4870 corpore
1376 4801 1539 4869 sumptum,
1561 4798 1781 4871 plenitudinem

75 4879 172 4937 alesia
184 4881 234 4954 pia
243 4881 484 4939 consideratione
498 4881 616 4952 dedisti,
630 4888 664 4938 ut
677 4883 776 4956 ipsum
791 4883 900 4942 debeas
953 4886 1091 4944 videlicet
1104 4886 1285 4959 pontificalis
1301 4886 1403 4955 cilicii,
1417 4887 1470 4943 tibi
1492 4888 1733 4957 transmittimus,
1748 4891 1783 4944 ut

75 4969 171 5040 quoad
182 4971 290 5028 vixeris
300 4971 445 5040 delinere,
459 4971 693 5044 postdecessum
703 4977 787 5030 tuum
798 4974 836 5031 ad
846 4975 900 5030 Ec·
955 4977 1009 5033 tibi
1035 4993 1089 5049 per
1109 4975 1310 5032 venerabilem
1334 4976 1457 5033 fratrem
1486 4983 1622 5034 nostrum
1645 4975 1780 5034 lunden.

77 5058 196 5116 clesiam
206 5058 303 5132 ipsam
321 5060 414 5117 libere
430 5059 654 5130 devolvendum,
670 5061 724 5117 sub
734 5062 799 5134 jam
813 5061 900 5118 dicta
956 5065 1213 5139 archiepiscopum
1236 5065 1298 5122 vice
1314 5070 1427 5135 nostra,
1443 5065 1497 5122 sub
1518 5082 1553 5122 ea
1577 5065 1673 5121 iorma
1695 5065 1781 5137 jura-

78 5149 254 5206 conditionis
262 5154 376 5219 tenore,
393 5149 573 5222 sicutipsum
582 5149 771 5221 justeetsine
782 5157 901 5207 contro·
957 5155 1155 5226 meutiquam
1170 5171 1341 5228 expressam
1357 5155 1384 5210 ei
1399 5154 1453 5210 sub
1468 5153 1551 5212 bulla
1565 5158 1668 5210 nostra
1683 5159 1782 5210 trans-

79 5237 172 5294 tersia
181 5238 316 5310 possides
325 5255 393 5296 cum
401 5237 540 5295 omnibus
560 5239 749 5310 pertinentiis
760 5239 832 5308 suis,
849 5255 903 5296 au·
958 5243 1104 5301 mittimus
1119 5243 1297 5316 assignetur.
1311 5245 1353 5299 Tu
1367 5260 1434 5302 vero
1452 5249 1594 5315 tanquam
1615 5242 1659 5297 vir
1683 5241 1783 5313 provi·

81 5329 213 5384 ctoritate
228 5327 281 5384 tibi
297 5327 460 5401 apostolica
474 5328 688 5384 conllrmamus
702 5333 732 5384 et
746 5329 902 5400 presentis
957 5331 1014 5388 dus
1027 5335 1057 5387 et
1069 5331 1217 5388 discretus
1232 5331 1306 5388 illud
1317 5332 1353 5389 de
1366 5330 1504 5388 manibus
1520 5328 1655 5403 ejusdem
1667 5329 1784 5386 archie-

82 5417 180 5490 scripti
189 5418 297 5492 pagina
307 5415 683 5486 communimus,videlicet
695 5416 795 5473 villam
808 5417 903 5490 ipsam
958 5419 1072 5494 piscopi
1083 5419 1170 5493 juxta
1184 5421 1310 5477 formam
1325 5420 1496 5492 praedictam
1516 5437 1584 5476 cum
1598 5420 1681 5476 omni
1694 5419 1785 5476 devo·

82 5505 399 5577 dellasii,mansionem
408 5506 444 5563 de
452 5504 603 5563 otherslef
608 5505 821 5562 cumomnibus
831 5522 903 5579 per·
959 5510 1039 5565 tione
1056 5509 1274 5582 suscipiens,eo
1291 5509 1321 5564 in
1337 5508 1447 5564 festivis
1462 5508 1566 5564 diebus
1583 5515 1612 5565 et
1626 5509 1694 5566 aliis
1709 5515 1786 5566 tem-

83 5595 182 5653 tinont.
197 5597 269 5664 suis,
283 5595 397 5652 scilicet
409 5595 528 5664 Serslel,
548 5593 710 5670 Solbiarge,
727 5595 904 5666 Huanlolde,
959 5597 1081 5670 poribus
1106 5614 1171 5668 quse
1194 5598 1224 5652 in
1249 5596 1387 5652 Ecclesia
1413 5602 1469 5652 ture
1498 5597 1659 5672 privilegiis
1685 5599 1785 5672 expri-

83 5683 342 5759 Wigislel,Walbu,
358 5684 766 5758 mansumunumltrunsoge,
780 5684 906 5743 Imbret·
961 5690 1094 5754 mantur,
1109 5685 1279 5752 utarisrita
1292 5685 1429 5742 videlicet
1443 5692 1526 5743 utex
1549 5693 1639 5745 tanta
1654 5689 1785 5746 culmine

205 5801 326 5862 Pareat..
346 5799 461 5858 ccxlv.
1627 5807 1660 5861 lb
