3956 6056
213 243 265 300 403
714 247 915 308 luuocultuu
933 245 972 300 111
990 245 1045 301 PP.
1066 243 1301 304 REGESTORUM
1319 249 1386 306 LIB.
1405 251 1428 306 1.
1854 253 1900 310 tot

212 369 321 430 ctionis
331 369 456 444 gretiam
471 373 655 443 recepturus.
669 371 867 428 Nihilominus
877 371 967 427 etiam
980 373 1036 427 sta-
1050 371 1080 440 Α
1093 386 1215 442 prorsus
1230 370 1396 444 absolvens,
1408 373 1580 433 decrevitnt
1602 377 1634 434 in
1643 377 1725 434 nullo
1735 377 1762 432 ei
1775 382 1899 434 teneren-

212 459 270 516 tuit
282 459 422 532 prelatus
446 463 528 530 pont.
542 457 690 516 Adrianus
702 459 783 532 quod
798 461 822 516 si
838 477 897 532 qua
919 475 1035 533 praece-
1091 461 1140 514 tur
1153 457 1189 516 de
1202 465 1309 518 cetero
1324 465 1517 536 respondere.
1536 467 1674 524 Statnans
1688 466 1806 540 insuper
1826 471 1857 522 ut
1879 467 1899 523 si

211 547 313 604 dentia
323 547 434 619 scripta
444 553 543 606 essent
554 563 614 604 suae
627 547 815 606 diffinitionis
826 549 957 616 adversa,
969 547 1037 604 nul·
1092 564 1151 620 qua
1176 551 1375 622 precedentis
1397 555 1507 627 scripta
1529 555 1733 612 invenirentur
1752 555 1898 627 premissa

210 636 268 692 lius
276 635 422 693 haberent
431 635 547 692 roboris
565 637 735 695 llrmitatem
746 637 894 694 sententia
906 653 960 694 sua
972 641 1037 692 sta·
1091 639 1295 696 constitutioni
1311 644 1470 713 contraria,
1487 659 1521 700 ea
1535 645 1565 700 in
1593 661 1646 702 sua
1666 643 1823 700 stabilitate
1843 661 1900 700 ma-

209 724 668 783 hilitatemdebitamobtinente.
681 725 1036 800 Perbujusergodilsrni·
1091 731 1193 796 nante,
1218 728 1335 786 nullum
1356 733 1457 801 robur,
1478 732 1593 790 nullam
1607 733 1775 790 obtinerent
1793 733 1899 803 penitus

209 815 299 871 tionis
310 815 459 889 paginam,
471 816 804 888 tanquamposterioris,
814 831 866 872 ros
875 813 1036 888 praemissis
1092 815 1273 873 firmitatem.
1285 819 1521 892 Ejusdemeiiam
1532 822 1647 878 Coelest.
1658 822 1741 878 Alex.
1750 821 1900 894 predeces-

210 903 332 960 llonorii
347 909 377 959 et
390 904 538 961 Anastasii
554 903 783 961 diffinitionibus
798 903 941 960 dicebatis
951 903 1038 975 peni·
1091 921 1192 962 sorum
1207 913 1377 964 nostrorum
1391 910 1554 984 privilegia,
1569 910 1677 982 quibus
1693 914 1723 965 et
1734 909 1802 966 Adr.
1816 926 1900 982 papa,

209 997 257 1048 tus
268 992 464 1066 {derogatum
494 994 518 1048 si
546 993 685 1050 exhibitae
708 993 829 1050 luerunt
852 993 1005 1066 injudicio
1019 1007 1037 1048 a
1091 993 1127 1050 de
1143 1011 1202 1066 qua
1216 997 1425 1069 praemisimus,
1442 1000 1591 1057 sententia
1603 999 1796 1056 confirmatur
1804 1003 1833 1054 et
1844 1013 1900 1052 mo·

209 1081 350 1138 Calanen.
365 1082 477 1152 pariter
492 1087 521 1138 et
533 1086 670 1139 ostense.
685 1082 825 1154 Alioquin
847 1081 904 1138 sibi
928 1080 1038 1137 debent
1091 1085 1255 1142 nestorium
1270 1093 1401 1145 vestrum
1415 1089 1510 1163 adjus
1518 1095 1547 1147 et
1556 1089 1766 1163 proprietatem
1775 1086 1900 1144 Ecclesia

194 1170 329 1243 'penitus
341 1170 499 1243 imputare,
514 1172 538 1226 si
553 1171 764 1243 temporalata
780 1187 798 1228 a
813 1171 892 1227 dicto
908 1169 1037 1227 Adriano
1091 1175 1143 1232 Ro.
1160 1173 1327 1233 ostenditur
1340 1179 1499 1250 pertinere,
1515 1179 1553 1236 ad
1568 1177 1752 1252 probandam
1774 1176 1900 1232 intentio·

208 1259 427 1332 predecessore
449 1265 551 1315 nostro
571 1259 726 1315 sententias
751 1259 830 1331 ipsas
844 1259 876 1314 in
903 1257 1036 1314 medium
1091 1279 1161 1320 nem
1182 1269 1310 1322 vestram
1331 1267 1361 1322 in
1382 1268 1515 1325 medium
1536 1267 1728 1341 produxistis.
1752 1265 1900 1322 Promissis

209 1347 373 1420 4441444444
389 1363 449 1404 11411
462 1353 623 1416 4111111141
639 1347 1038 1418 4114144114414111111·
1091 1369 1160 1427 ergo
1175 1359 1204 1409 et
1219 1354 1366 1413 similibus
1382 1373 1482 1414 coram
1496 1357 1582 1414 nobis
1598 1362 1628 1413 et
1645 1353 1785 1412 iratribus
1804 1353 1901 1408 nostris

211 1460 277 1502 rurn
293 1445 561 1502 instrumentorum
575 1449 679 1518 postea
696 1449 883 1518 repertorum
897 1458 983 1517 grave
999 1441 1039 1498 sit
1092 1442 1253 1515 prudenter
1268 1445 1381 1503 euobis
1395 1451 1424 1502 et
1443 1446 1508 1503 aliis
1534 1446 1680 1520 allegatis,
1706 1461 1760 1500 nos
1782 1442 1900 1500 volentes
1942 1510 1943 1539 1

211 1533 347 1606 exemplo
362 1533 565 1608 resjudicatas
581 1533 704 1591 ulterius
719 1533 890 1590 restaurari.
911 1531 1038 1606 Longin-
1092 1547 1213 1603 parcere
1237 1533 1393 1606 utriusque
1418 1535 1511 1607 partis
1534 1534 1689 1592 laboribus
1714 1538 1744 1590 et
1766 1533 1897 1605 expensis,
1942 1547 1943 1574 1

209 1622 354 1693 quitatem
366 1639 483 1694 qnoque
498 1624 651 1695 temporis,
659 1639 714 1695 per
724 1637 813 1694 quam
824 1622 855 1678 in
870 1622 955 1693 quasi
967 1637 1037 1694 pos-
1092 1620 1203 1677 doloris
1218 1622 1307 1678 etiam
1316 1629 1346 1679 et
1356 1623 1570 1697 indignationis
1584 1623 1742 1681 materiam
1751 1625 1899 1693 amputare,

209 1707 342 1765 sessione
363 1708 509 1765 libertatis
529 1709 638 1779 fuistis,
653 1725 707 1783 pro
718 1713 802 1782 parte
817 1713 913 1765 vestra
927 1723 1036 1781 propo·
1052 1737 1078 1804 Β
1092 1715 1125 1765 ut
1136 1709 1292 1768 observare
1306 1711 1454 1768 deberetis
1468 1713 1548 1785 quod
1561 1713 1597 1769 de
1610 1712 1677 1785 ipse
1690 1711 1899 1784 quastionepro

209 1795 325 1854 nebatis
341 1797 372 1854 in
400 1798 498 1854 medio
521 1803 551 1854 et
570 1803 630 1854 tam
645 1798 726 1854 Lucii
739 1814 829 1871 quam
844 1797 992 1854 Anastasii
1007 1802 1037 1853 et
1093 1799 1173 1856 bono
1187 1801 1269 1874 pacis
1284 1802 1560 1860 citradiltlnitionis
1575 1802 1725 1858 calculum
1740 1800 1898 1865 diceremus,

210 1885 331 1942 lionorii
347 1889 429 1942 Rom.
446 1885 622 1958 pontificum
644 1886 808 1960 privilegia,
832 1903 960 1959 quorum
975 1885 1039 1958 pri·
1093 1907 1143 1947 vos
1158 1896 1188 1946 et
1208 1891 1383 1962 sepedictus
1406 1891 1544 1950 abbatem
1558 1896 1589 1948 et
1601 1891 1764 1948 monachos
1776 1888 1898 1946 calanen.

210 1991 277 2031 mus
292 1975 478 2032 confirmavit
492 1975 671 2032 sententiam
682 1974 815 2044 Adriani,
829 1974 978 2032 secundus
988 1974 1039 2030 Ca·
1093 1979 1264 2035 monuimus
1279 1979 1447 2054 diligenter.
1458 1982 1531 2038 Cum
1541 1981 1641 2054 itaquo
1652 1976 1898 2052 utraqnepertinm
1941 1967 1943 1986 ¹

210 2063 311 2120 lanen.
321 2065 352 2119 in
362 2063 427 2120 loco
438 2065 545 2120 llontis
555 2065 631 2121 sacri
641 2080 765 2121 censum
782 2069 897 2120 tantum
912 2063 1038 2120 duorum
1092 2067 1149 2123 hoc
1163 2083 1194 2123 se
1208 2067 1353 2126 iacturam
1368 2069 1555 2142 promisisset
1578 2073 1743 2142 spontanea
1755 2065 1898 2132 uoluntate,

211 2151 386 2222 solidorum,
402 2152 511 2225 dequo
527 2153 706 2227 predicitur,
729 2152 898 2222 reservarit,
920 2154 1037 2227 tertius,
1093 2172 1148 2213 nos
1170 2156 1293 2229 provida
1315 2157 1530 2214 deliberatione
1553 2157 1713 2214 statuimus
1728 2153 1898 2232 qnodcoeno
1942 2149 1943 2223 l

210 2241 329 2313 quando
344 2241 424 2300 idem
448 2242 533 2298 locus
557 2247 620 2299 erat
634 2240 810 2314 simpliciter
827 2241 987 2315 prioratus,
1001 2243 1037 2302 de
1090 2244 1175 2301 bium
1187 2252 1317 2302 restrum
1331 2247 1476 2304 restitutis
1491 2245 1547 2303 sibi
1558 2243 1772 2304 areislaciendi
1787 2241 1852 2300 salis
1862 2241 1897 2298 ol·
1942 2235 1943 2324 ,

210 2330 350 2387 solvendo
366 2329 458 2389 censu
472 2330 632 2388 constituto
653 2331 689 2389 ab
705 2333 726 2387 1.
752 2331 870 2388 seniore
895 2332 1036 2390 Calanen.
1092 2333 1159 2390 ilcio
1174 2333 1332 2406 deputatis,
1344 2352 1418 2408 quas
1431 2335 1467 2392 de
1481 2334 1621 2392 mandato
1632 2331 1705 2392 dicti
1715 2332 1897 2404 Goelestpape

208 2418 504 2494 abbataetejusdem
518 2419 647 2494 benigna
662 2421 832 2493 receptione
849 2421 929 2493 apud
950 2423 1036 2479 blon-
1090 2421 1318 2495 praedecessoris
1332 2423 1425 2480 nostri
1437 2424 1524 2497 juxta
1536 2423 1818 2481 bonorumvirorum
1832 2419 1896 2477 arbi·
1942 2427 1943 2434 ’

206 2520 267 2574 tem
281 2533 410 2588 sacrum,
425 2533 494 2574 cum
509 2516 582 2574 illuc
596 2516 763 2586 accederet,
782 2517 897 2575 facitin
911 2520 1038 2592 suopri.
1091 2511 1181 2568 trium
1195 2512 1226 2568 in
1238 2513 1547 2586 recompensationem
1562 2511 1698 2586 predicti
1710 2528 1813 2570 census
1826 2509 1896 2567 Cala-
1942 2495 1943 2566 4

205 2604 310 2679 vilegio
326 2605 519 2663 mentionem.
536 2606 581 2664 Ad
596 2605 626 2662 id
641 2623 762 2678 quoque
782 2606 969 2679 probandum
984 2609 1035 2664 511.
1090 2616 1159 2657 nen.
1176 2605 1305 2658 monast.
1320 2602 1488 2676 assignavit,
1502 2601 1665 2659 Ecclesiam
1680 2602 1709 2659 S.
1732 2599 1825 2658 laoobi
1839 2596 1896 2654 llel·

204 2693 330 2751 duxistis
340 2692 426 2750 bonae
437 2695 591 2750 memorie
603 2693 752 2752 Coelestini
763 2695 1036 2767 papas,praedeces·
1089 2688 1203 2762 44144411·
1220 2689 1256 2747 414
1271 2691 1369 2764 44411411
1380 2696 1563 2764 44444114144111
1576 2707 1644 2748 cum
1659 2690 1804 2758 d0fflibu⁵s
1819 2686 1896 2743 4141441

205 2783 281 2838 soris
296 2781 401 2850 nostri,
418 2782 597 2839 sententiam
613 2787 643 2838 et
660 2783 856 2855 rescriptum:
881 2784 933 2855 qui
955 2800 1034 2844 cum,
1090 2782 1120 2835 et
1132 2777 1248 2836 duobus
1258 2780 1391 2852 trapetis,
1408 2785 1438 2837 et
1451 2781 1575 2854 insuper
1589 2778 1818 2838 totolivasdicto
1828 2791 1895 2834 mon.

206 2870 283 2928 sicut
304 2870 398 2943 ipsius
422 2869 596 2926 authentico
618 2871 785 2943 reperitur,
808 2888 861 2944 per
884 2871 1037 2947 privilegia
1089 2867 1230 2926 Calanen.
1255 2869 1389 2928 conserat
1412 2875 1442 2926 et
1465 2871 1605 2944 assignet,
1630 2886 1669 2925 ex
1694 2867 1797 2941 quibus
1818 2866 1896 2938 possit

203 2958 457 3031 praedecessorum
473 2974 594 3015 suornm
610 2961 694 3016 llom.
712 2965 794 3032 pont.
812 2965 874 3018 tam
889 2961 1031 3033 antiquo«
1089 2955 1169 3014 idem
1184 2975 1264 3016 mon.
1281 2957 1420 3016 Calanen.
1437 2958 1602 3016 secundum
1615 2957 1765 3016 bonorum
1783 2956 1895 3012 virorum

203 3063 270 3102 rum
285 3063 374 3117 quam
386 3047 475 3104 etiam
488 3046 711 3117 modernorum,
728 3064 794 3119 ques
810 3048 841 3104 in
856 3065 910 3106 sua
923 3049 1034 3120 lecerat
1089 3047 1257 3117 arbitrium,
1272 3049 1380 3121 quibus
1395 3049 1451 3105 hoc
1466 3047 1693 3118 committimus,
1708 3045 1895 3104 arbitrantium

201 3135 361 3208 presentia
374 3137 504 3205 recitari,
529 3135 648 3209 plenius
670 3137 855 3211 cognovisset
876 3144 1032 3196 monaste·
1047 3102 1073 3174 ⁰
1089 3140 1121 3193 16
1133 3153 1252 3194 saumas
1263 3136 1547 3211 oleiannissingulis
1558 3137 1705 3194 obtinere.
1717 3133 1895 3192 lllaridelicet

201 3223 281 3280 rium
294 3230 424 3282 restrum
435 3226 472 3281 ad
481 3228 565 3282 Rom.
577 3225 739 3282 Ecclesiam
756 3225 839 3282 nullo
853 3227 952 3284 medio
963 3245 1032 3300 per·
1087 3226 1617 3300 moderaminisaequitateservata,ut
1626 3226 1772 3284 olivarum
1781 3223 1894 3296 assigna·

202 3312 298 3368 tinere
320 3317 351 3370 et
373 3313 410 3370 ab
434 3313 515 3370 omni
538 3315 608 3387 jure
631 3330 665 3371 ac
680 3314 864 3388 subjectione
880 3316 1033 3389 saepedicti
1087 3317 1127 3373 tio
1139 3317 1256 3374 necllat
1270 3314 1435 3372 secundum
1451 3322 1568 3390 tempus
1582 3315 1686 3372 nimiae
1704 3314 1839 3372 ubertatis
1851 3327 1894 3367 nec

203 3401 344 3458 calanen.
357 3403 606 3460 monasteriilore
620 3402 749 3460 liberum
764 3408 794 3460 et
807 3403 951 3474 immune,
973 3406 1031 3474 nisi
1086 3406 1363 3463 secundumnimias
1389 3405 1555 3464 sterilitatis
1579 3411 1731 3476 eventurn,
1753 3403 1802 3462 sed
1823 3403 1893 3476 juxta

203 3489 346 3562 quodduo
358 3489 470 3548 solidos
480 3492 601 3566 Pupien.
615 3497 743 3548 monetas
754 3491 791 3549 de
800 3493 1032 3552 mandatobonae
1086 3495 1165 3568 quod
1172 3494 1419 3568 saepiusaccidere
1425 3495 1587 3553 consuevit.
1594 3491 1892 3568 postfactamassigna·

201 3590 352 3647 memoriae
362 3588 485 3646 Adriani
499 3607 594 3663 papa,
611 3591 837 3664 praedecessoris
852 3590 957 3662 nostri,
972 3592 1030 3650 sibi
1085 3585 1571 3658 44011111141111444111111111111,
1586 3589 1645 3640 41111
1658 3582 1810 3642 11111111144
1819 3595 1892 3652 quan

119 3747 123 3754 ¹
201 3679 314 3736 solvere
328 3679 494 3750 tenebatur,
509 3680 611 3737 volens
625 3681 705 3736 inter
718 3679 861 3752 predicta
874 3686 1029 3738 monaste·
1084 3673 1273 3731 4110111141
1288 3675 1325 3733 114
1347 3675 1487 3732 Galanen.
1503 3690 1584 3731 11441·
1600 3675 1780 3746 4414414144·
1794 3671 1892 3762 44444444

200 3767 246 3824 ria
260 3767 358 3824 omnls
377 3767 573 3825 dissensionis
593 3773 623 3824 et
637 3768 769 3826 scandali
784 3769 939 3826 materiam
952 3787 1030 3828 rese·
1084 3779 1151 3818 1110
1167 3763 1306 3820 calanen·
1322 3766 1450 3820 1101114·
1464 3761 1710 3818 141114444011114
1721 3755 1890 3833 4144444441,

202 3855 274 3924 cari,
290 3861 321 3912 et
333 3871 371 3912 ne
384 3858 522 3912 monachi
538 3861 660 3930 propter
669 3873 827 3916 causarum
840 3859 997 3930 strepitum
1012 3877 1030 3918 a
1079 3851 1142 3925 juri
1163 3868 1198 3908 ac
1221 3851 1334 3921 censui,
1361 3852 1440 3924 quod
1464 3852 1495 3907 in
1509 3849 1574 3906 loco
1594 3849 1703 3906 llontis
1719 3849 1791 3906 sacri
1805 3845 1889 3915 aliquo

201 3943 310 4000 divinis
326 3943 689 4018 revocarenturobsequiis
699 3951 802 4002 contra
811 3940 1029 4005 observantiam
1082 3957 1215 4013 unquam
1231 3941 1535 4014 1114114114141114,
1551 3955 1607 3996 141
1620 3937 1734 3995 4414144411
1752 3933 1888 3994 4444444444

203 4033 376 4089 monastice
391 4032 567 4106 disciplinae,
583 4034 614 4090 in
626 4034 934 4106 recompensationem
955 4035 1029 4093 duo·
1078 4030 1157 4104 juris
1181 4030 1323 4104 preteriti
1351 4031 1458 4088 laturis
1473 4027 1657 4101 temporibus
1670 4025 1781 4100 aliquid
1797 4023 1888 4081 audeat

202 4138 270 4178 rum
280 4120 443 4179 solidorum
454 4122 584 4194 aliquem
595 4121 695 4180 locum
704 4128 830 4190 certum,
841 4124 920 4182 unde
929 4125 1029 4182 reddi·
1081 4121 1251 4193 postulare:
1266 4119 1347 4193 quod
1360 4127 1485 4191 utraque
1500 4119 1631 4192 partium
1650 4115 1818 4190 acceptavit.
1840 4111 1889 4168 lloc

202 4215 250 4268 tus
264 4211 328 4283 ipse
343 4210 556 4284 perciperetur,
571 4213 608 4270 ad
624 4229 727 4270 eorum
750 4213 907 4270 arbitrium
919 4215 1028 4287 quibus
1082 4208 1534 4282 118044141411111ι1441411104141
1549 4205 1671 4280 41014144
1681 4206 1788 4263 41144111
1806 4206 1854 4269 414,
1866 4203 1890 4253 44

201 4315 291 4374 super
304 4299 360 4356 hoc
372 4315 426 4358 sua
440 4300 551 4373 scripta
575 4300 693 4370 direxit,
718 4301 861 4374 praecepit
885 4302 1025 4361 calanen.
1081 4297 1117 4354 ab
1132 4303 1430 4372 utraquerecepturn,
1442 4297 1574 4354 volentes
1585 4289 1888 4368 inposterumirreira·

201 4397 346 4472 assignari
369 4415 387 4454 a
409 4397 551 4456 fratribus
574 4399 680 4455 lloutis
699 4399 787 4468 sacri,
813 4398 876 4471 qui,
901 4401 1026 4458 sicutex
1083 4387 1221 4461 8441444444
1232 4387 1392 4458 4414411114,
1415 4387 1451 4444 (44
1466 4386 1617 4443 4411111114
1632 4385 1758 4442 41441111
1779 4377 1887 4439 4141144444
1942 4409 1943 4418 ’

200 4487 353 4559 rescriptis
370 4487 506 4560 judicum
528 4487 730 4562 delegatorum
751 4487 893 4559 innotuit,
910 4489 980 4547 licet
994 4493 1025 4548 in
1039 4459 1067 4525 D
1083 4477 1258 4535 44444144144
1272 4477 1434 4551 14444444444
1457 4475 1679 4544 4444444114,
1702 4479 1731 4531 44
1751 4467 1888 4546 presentis
1942 4481 1943 4496 ¹

201 4574 454 4647 quibusdamaliis
464 4575 851 4648 locisrscompensationem
862 4577 1029 4638 obtuleritis
1084 4567 1186 4640 1414444
1210 4566 1361 4640 privilegio
1385 4565 1614 4622 1011111141111·
1637 4557 1888 4654 44111418411444114

201 4669 427 4737 congruentem,
442 4665 520 4738 apud
536 4666 638 4738 Sipon,
654 4670 755 4722 tamen
777 4683 862 4724 areas
884 4668 1029 4740 quasdam
1082 4656 1245 4731 privilegiis
1259 4656 1304 4713 vel
1314 4655 1465 4726 rescriptis
1477 4669 1567 4727 super
1576 4645 1887 4727 subjectioneprtedicti
1942 4721 1943 4724 Ἴ

199 4752 411 4812 iaciendisalis
423 4754 522 4811 oflicio
537 4753 703 4826 deputatas,
715 4755 870 4828 dequibus
881 4757 1028 4816 adminus
1083 4745 1256 4802 1441444414
1279 4743 1367 4800 144414
1388 4744 1532 4800 4144444144
1556 4742 1722 4816 4114441444
1740 4759 1747 4811 ἰ
1773 4753 1835 4796 411111
1860 4749 1888 4790 0¹

199 4843 290 4900 unius
306 4842 400 4900 uncias
415 4843 481 4900 auri
495 4843 629 4900 redditus
641 4843 816 4913 habebatur,
832 4847 1027 4917 quemadmo.
1082 4837 1163 4890 certa
1178 4833 1301 4890 scientia
1324 4833 1402 4890 inter
1416 4832 1538 4906 praelata
1555 4832 1736 4888 monasteria
1749 4824 1887 4926 devoturu-

198 4931 271 4988 dum
296 4931 387 4988 iidem
407 4931 526 5005 J'udices
550 4933 777 5006 rescripserunt,
793 4934 843 5006 qui
857 4933 913 4990 hoc
928 4935 1026 5008 ipsum
1081 4924 1140 4977 4444
1154 4921 1295 4993 4414411111,
1311 4919 1886 4992 111144414444144414411114,441141144441144444

198 5021 254 5078 sub
266 5021 435 5078 testimonio
446 5021 592 5078 bonorum
603 5022 732 5078 virorum
745 5021 1026 5099 subtiliterindaga-
1080 5016 1258 5083 441444114411
1283 5007 1477 5066 4444114144·
1507 5006 1698 5064 4444411411ὓῦ
1727 5022 1803 5078 4144,
1827 5004 1883 5062 etc,

197 5125 278 5188 runt,
294 5124 457 5191 spontanee
471 5119 647 5176 contulistis.
664 5119 747 5176 Unde
760 5119 838 5176 idem
854 5121 1024 5193 praedeces·
1079 5105 1189 5156 44444444
1204 5097 1426 5200 444444444444444
1441 5101 1471 5154 44
1484 5097 1632 5165 4044444441
1648 5101 1704 5196 444·

198 5223 248 5263 sor
257 5211 360 5266 noster
369 5208 605 5266 meliorationem
613 5208 754 5264 Catanen.
764 5209 938 5266 monasterii
952 5226 1025 5267 con·
1115 5190 1221 5246 44444444
1237 5191 1322 5246 44444
1324 5205 1384 5257 44441
1400 5205 1427 5243 44
1442 5187 1510 5244 44443
1525 5185 1706 5242 4404444444·

198 5295 334 5354 sidereus
346 5296 378 5354 in
392 5297 448 5354 hac
462 5301 557 5369 parte,
573 5295 610 5354 de
632 5297 783 5354 communi
807 5297 933 5354 iratrum
958 5315 1025 5356 suo-

197 5401 265 5441 rum
278 5385 403 5443 consilio
418 5385 522 5442 statuit
535 5375 569 5441 ut
591 5384 731 5444 calanen.
752 5383 920 5443 caenobium
941 5403 1022 5459 pra·
1475 5413 1507 5426 -

199 5471 279 5528 dicta
299 5479 378 5530 esset
397 5475 673 5547 recompensatione
700 5479 883 5532 contentum.
898 5477 922 5531 A
937 5476 1022 5549 cujus
1109 5523 1113 5530 .

200 5560 352 5620 exactione
380 5579 414 5621 ac
450 5563 634 5638 subjectione
670 5563 777 5624 iratres
814 5565 920 5626 llontis
946 5565 1021 5624 sacri
