3952 6062
64 339 114 392 47³
578 333 834 394 ronnncarns
852 330 949 390 ANNO
967 330 990 403 l,
1010 331 1150 390 CHRISTI
1173 333 1251 392 lldd.
1718 343 1771 398 lii

64 462 200 532 illustris,
210 461 260 535 qui
273 461 387 519 scilicet
399 462 445 519 vel
460 463 574 520 litteras
585 463 641 520 sibi
656 464 819 538 dirigerent
839 465 890 518 aut
903 473 932 536 Α
947 459 984 516 ad
995 458 1346 532 decemabsolvifnceret,
1358 463 1519 538 cujuslibet
1529 464 1772 528 contradictionis

64 553 99 608 ab
115 569 149 608 eo
162 551 510 623 recipereutdestinatas,
521 551 566 608 vel
577 552 673 610 eidem
684 551 806 625 aliquod
816 567 888 608 con·
946 554 976 605 et
990 550 1200 623 appellationis
1216 553 1300 609 obice
1320 570 1381 609 non
1406 554 1552 611 obstante.
1571 558 1628 612 Nos
1643 574 1712 632 ergo
1736 559 1774 616 de

64 641 166 698 silium
186 641 233 698 vel
256 641 399 698 auxilium
419 642 595 699 exhiberent
615 642 661 698 vel
682 643 709 698 ei
734 643 764 698 in
789 641 889 713 aliquo
942 638 1125 713 benignitate
1142 641 1221 698 sedis
1240 643 1410 715 apostolicae
1433 645 1662 718 magnificentiae
1684 648 1772 722 regim

64 730 285 788 communicare
301 737 528 803 praesumerent,
542 730 816 788 demandatobonse
826 747 890 787 me-
944 727 1113 786 uberiorem
1129 731 1261 787 rolentes
1276 732 1406 789 favorem
1422 727 1452 789 el
1467 735 1592 808 gratiam
1615 735 1774 821 impertiri,

64 821 167 877 morire
176 820 325 876 Caelestini
334 837 418 894 papae
428 820 657 892 praedecessoris
667 821 760 878 nostri
773 835 892 876 excom·
945 819 1128 876 universitati
1135 827 1238 878 vestra
1249 823 1424 880 auctoritate
1435 825 1625 896 praesentiam
1634 825 1774 882 duximus

64 910 277 968 manicationis
300 909 412 966 fuerint
433 910 549 966 vinculo
578 911 724 982 innodati,
750 913 782 968 N.
808 913 838 966 et
856 910 890 965 Α.
946 908 1153 980 inhibendum,
1167 917 1200 967 ut
1212 912 1243 967 in
1258 911 1444 969 consiliarios
1457 914 1657 972 etfamiliares
1667 915 1773 988 ipsius,

63 1005 131 1072 post
146 999 484 1056 excommunicationem
499 1004 529 1056 et
548 1000 758 1057 inhibitionem
772 1003 893 1072 aposto·
947 1015 1074 1070 quorum
1089 1001 1120 1056 in
1136 1001 1191 1057 hac
1206 1006 1381 1074 tempestate
1397 1003 1522 1059 consilio
1536 1007 1565 1058 et
1574 1003 1776 1062 familiaritate

63 1089 154 1146 licam
170 1087 267 1145 eidem
295 1089 515 1146 communicare
535 1091 675 1160 scienter,
691 1089 895 1146 consiliumet
948 1090 1013 1145 sine
1026 1107 1133 1164 magno
1150 1091 1194 1146 sui
1206 1090 1362 1164 dispendio
1373 1108 1474 1150 carere
1485 1109 1546 1148 non
1555 1099 1662 1165 potest,
1674 1096 1778 1157 nullus

64 1177 213 1235 auxilium
227 1179 373 1250 impertiri
389 1184 419 1235 et
431 1179 531 1236 diviua
541 1179 894 1254 presumpseruntetiam
948 1183 1089 1248 restrum,
1105 1179 1163 1236 nisi
1178 1197 1231 1252 pro
1245 1180 1404 1258 manifesta
1418 1187 1448 1237 et
1458 1181 1629 1246 rationabili
1644 1199 1734 1240 cause
1748 1189 1779 1242 et

64 1269 229 1326 celebrare.
245 1267 328 1324 Unde
340 1272 462 1341 propter
475 1270 532 1325 hoc
546 1269 578 1324 in
593 1269 772 1344 Hydruntin.
788 1269 896 1341 etSpa-
949 1268 1093 1324 canonica
1102 1269 1266 1325 monitione
1281 1269 1446 1340 praemissa,
1461 1273 1777 1330 excommunicationis

64 1361 150 1419 latin.
168 1358 418 1431 archiepiscopos,
441 1361 575 1431 quamvis
591 1364 620 1415 et
633 1359 677 1416 illi
693 1357 895 1418 excommuni·
949 1357 994 1413 vel
1008 1357 1159 1413 interdicti
1173 1359 1350 1414 seutentiam
1362 1358 1469 1415 audeat
1482 1361 1681 1434 promulgare.
1695 1363 1777 1429 Quod

63 1451 176 1508 cationi
193 1449 378 1525 subjaceant,
393 1449 430 1506 ab
443 1449 560 1521 eodem,
571 1449 636 1507 loco
645 1447 896 1507 remunerationis
950 1445 974 1502 si
987 1445 1074 1502 aliter
1087 1446 1215 1503 fueritin
1225 1448 1390 1504 elusionem
1402 1448 1533 1506 mandati
1546 1452 1701 1523 apostolici
1710 1469 1778 1524 per·

63 1545 171 1597 contra
181 1539 260 1611 juris
275 1538 412 1595 ordinem
428 1539 459 1596 in
474 1539 562 1614 regia
581 1539 734 1614 dignitatis
757 1535 897 1612 prejudi.
949 1552 1053 1610 peram
1068 1553 1121 1609 per
1134 1537 1398 1610 praesumptionem
1414 1539 1574 1612 cujuslibet
1587 1545 1776 1612 attentatum,

63 1632 145 1690 cium
162 1635 234 1689 sunt
247 1631 386 1704 promoti.
412 1631 486 1698 Quia
500 1648 568 1688 vero
583 1637 672 1688 tanta
687 1630 897 1704 praesumptio-
952 1625 1141 1682 decernimus
1156 1644 1216 1683 non
1233 1632 1344 1683 tenere.
1361 1627 1439 1683 Nulli
1456 1645 1536 1702 ergo,
1550 1635 1605 1686 etc.

64 1721 112 1778 nis
135 1720 291 1779 audaciam
315 1721 346 1777 in
361 1721 504 1794 injuriam
520 1721 571 1777 Dei
587 1726 616 1778 et
630 1725 836 1793 contemptum
850 1735 899 1775 se·
988 1717 1093 1772 Datum
1109 1716 1255 1785 Laterani,
1265 1733 1290 1774 vr
1306 1716 1376 1772 ldus
1386 1717 1527 1775 ianuarii.

65 1808 111 1866 dis
127 1809 298 1883 apostolicae
314 1813 499 1877 attentatam,
519 1809 699 1882 impunitam
724 1807 893 1880 relinquero
910 1843 936 1910 B
1320 1825 1405 1882 exn,

65 1915 128 1956 non
151 1915 309 1972 possumus
330 1914 386 1954 nec
410 1897 563 1967 debemus,
588 1898 766 1956 fraternitati
790 1901 894 1954 vestras
1176 1929 1356 1970 mmmm
1373 1929 1555 1971 mogum

66 2004 122 2060 Per
135 1987 298 2060 ³P0⁵i⁰li0⁸
320 1988 430 2061 scribi&
449 1986 582 2044 diSiPiCie
596 1987 796 2061 PsfflssiPieHdO
811 2003 898 2044 min·
950 2003 989 2058 De
1009 2001 1193 2058 consonando
1214 2003 1395 2058 ecctenasttco
1419 2004 1543 2060 libertate
1566 2009 1592 2060 ct
1612 2021 1646 2060 nc
1667 2005 1779 2064 abicis

65 2077 175 2134 damus
190 2082 337 2150 qnatenus
352 2095 441 2151 super
455 2077 618 2150 praemissis
633 2079 819 2150 inquirentes
828 2077 898 2133 dili·
1057 2074 1183 2130 Ecclesia
1198 2076 1351 2130 exactiones
1365 2075 1545 2146 imponantm·
1558 2082 1583 2133 et
1598 2076 1682 2134 tallia

62 2167 183 2240 gentius
208 2167 372 2237 veritatem,
394 2167 418 2223 si
435 2167 557 2224 remita
570 2168 712 2224 noveritis
728 2185 759 2224 se
775 2166 896 2236 habere,
1160 2161 1319 2233 (Laterani,
1335 2165 1398 2219 Non
1416 2163 1572 2236 ianuarii.)

62 2255 205 2327 praefatos
220 2257 252 2312 N.
270 2261 300 2313 et
313 2258 347 2313 Α.
365 2272 469 2313 corum
487 2256 694 2326 electionibus,
716 2257 776 2313 uno
801 2257 898 2312 verius
988 2251 1028 2306 Ne
1043 2249 1168 2306 laedatur
1182 2251 1304 2308 libertas
1314 2252 1517 2308 ecclesiastica
1525 2253 1570 2308 vel
1580 2254 1710 2310 ministri
1720 2257 1778 2312 Ec·

63 2344 283 2402 intrusionibus
311 2345 430 2416 penitus
458 2345 601 2414 irritatis,
626 2344 898 2401 excommunicatos
952 2339 1110 2395 clesiarum
1127 2340 1481 2410 aperversishominibus
1496 2342 1782 2415 opprimantur,no-

62 2432 186 2505 publtce
202 2433 348 2489 nuntietis
363 2437 393 2489 et
408 2449 503 2505 usqua
518 2433 555 2489 ad
578 2433 757 2505 condignam
782 2432 898 2488 satisfn·
953 2425 1009 2494 bis,
1026 2427 1076 2498 qui
1090 2427 1228 2483 omnibus
1243 2444 1346 2484 sumus
1364 2445 1400 2484 ex
1414 2430 1556 2501 injunctae
1572 2433 1721 2488 servitutis
1736 2431 1781 2488 of-

64 2523 198 2578 etionem
222 2523 337 2579 faciatis
360 2521 397 2578 ab
419 2521 560 2577 omnibus
574 2523 686 2577 arctius
700 2521 822 2588 evitari;
838 2520 897 2576 dis·
954 2515 1021 2570 flcio
1037 2515 1378 2588 secundumapostolnm
1393 2517 1563 2589 specialiter
1577 2518 1725 2577 debitores
1737 2521 1782 2576 el-

64 2611 185 2667 trictius
201 2611 372 2667 inhibentes
387 2626 425 2666 ne
441 2611 508 2682 quis
523 2627 565 2666 ers
579 2610 702 2666 obtentu
719 2608 899 2666 electionum
955 2601 1035 2673 fecti,
1051 2602 1207 2660 sollicitius
1222 2605 1359 2660 imminet
1377 2605 1542 2678 providere.
1559 2609 1674 2664 Nostris
1688 2609 1782 2682 siqui-

64 2700 257 2767 fldelitatem,
282 2698 484 2754 obedientiam
507 2699 553 2755 vel
576 2699 773 2755 reverentiam
793 2699 901 2772 audeat
956 2693 1024 2749 dem
1038 2692 1505 2766 fuitaurihusintimatumquod,
1521 2697 1781 2768 cumexpensasin

63 2789 219 2846 exhibere.
238 2787 332 2844 Nullis
355 2786 474 2855 litteris,
490 2793 545 2845 etc.
568 2787 653 2855 Quod
671 2789 695 2844 si
711 2805 826 2858 omnes,
842 2792 898 2845 etc.
953 2781 1137 2838 Antiocheno
1155 2782 1270 2838 civitate
1280 2783 1343 2838 fleri
1355 2799 1408 2856 pro
1419 2781 1520 2855 aliqua
1528 2785 1705 2843 necessitate
1714 2803 1783 2844 con-

103 2879 213 2933 Datum
226 2877 372 2946 Laterani,
388 2893 417 2932 111
432 2876 556 2933 Kalend.
571 2877 713 2934 ianuarii.
954 2870 1051 2944 tingit,
1065 2871 1237 2928 communia
1250 2871 1344 2944 ipsius
1354 2872 1480 2930 civitatis
1493 2873 1646 2944 ecclesias,
1656 2874 1782 2933 clericos

457 2985 519 3040 lllll
954 2963 1463 3038 eteorumhomines,cujuscunque
1478 2965 1658 3024 conditionis
1668 2966 1714 3024 vel
1723 2967 1783 3025 lin·
1815 3013 1820 3020 .

62 3088 298 3140 racareersoorrs,
327 3087 473 3140 serscorrs,
507 3089 539 3128 rr
567 3087 687 3128 carran
714 3089 900 3132 accmsraaux
954 3070 1018 3127 gum
1034 3052 1103 3122 Sinis
1118 3052 1150 3109 in
1166 3053 1694 3128 0¹³⁰ii⁰¹¹⁹iilliffi⁰⁰¹¹iffl³¹1iilll¹stm
1710 3073 1782 3114 0⁰¹¹·

218 3179 356 3218 ΜΛΝ
375 3179 402 3218 ,N
423 3177 544 3218 mm„
564 3177 747 3220 mmmm,
955 3142 1144 3198 suetudinem
1159 3147 1327 3216 aggravant,
1337 3161 1427 3215 quam
1440 3145 1611 3218 etrecipere
1622 3162 1717 3219 acpro
1729 3161 1783 3204 sua

67 3255 106 3310 N,
119 3254 182 3324 qui,
194 3253 224 3307 g„
242 3253 370 3321 0„an
381 3251 454 3321 ΜΒ
469 3251 639 3307 consiliarios
647 3253 732 3320 pagg,
741 3268 897 3309 excomm,
912 3212 939 3280 0
953 3231 1120 3303 expendere
1134 3230 1286 3288 voluntate
1309 3238 1503 3304 praesumunt.
1518 3235 1665 3291 Praeterea
1677 3239 1737 3291 tam
1753 3240 1782 3291 te

247 3324 393 3378 nicationis
407 3325 714 3394 sententiomprolcrat.
953 3335 1044 3391 quam
1064 3319 1211 3376 Ecclesiae
1231 3325 1298 3376 tuas
1315 3320 1348 3376 in
1371 3321 1475 3379 multis
1499 3322 1566 3378 aliis
1594 3323 1783 3392 infestantes,

266 3411 424 3485 (Laterani,
440 3427 466 3466 vr
483 3410 527 3465 ld.
547 3411 701 3483 ianuarii.)
953 3408 1782 3483 omnesclericoshntiocheu.adjustitiamcuilibetlaico

105 3502 180 3558 Cum
192 3498 353 3557 interalios
364 3498 780 3572 mundiprincipespersonas
790 3500 901 3557 charis·
955 3495 1153 3553 exhibendam
1168 3497 1306 3552 nituntur
1322 3498 1376 3553 sub
1390 3505 1524 3570 praetexu
1539 3499 1585 3556 sui
1601 3500 1781 3572 compellere

67 3590 138 3646 simi
154 3589 186 3645 in
210 3589 325 3645 Christo
350 3588 405 3645 fllii
430 3589 464 3644 H.
483 3587 618 3661 Ungariae
641 3590 721 3662 regis
734 3587 860 3645 illustris
872 3593 902 3646 et
951 3585 1126 3656 juramenti.
1149 3585 1356 3642 Possessiones
1372 3587 1463 3642 etiam
1491 3587 1708 3645 ecclesiasticas
1731 3603 1786 3660 per

68 3695 197 3752 regnum
209 3677 265 3734 sibi
274 3679 468 3734 commissum
482 3677 674 3750 prerogativa
689 3675 860 3734 dilectionis
872 3683 902 3734 et
951 3673 1100 3748 judicium
1116 3677 1145 3728 et
1159 3674 1391 3730 consuetudines
1407 3675 1575 3732 Graecorum
1590 3681 1716 3733 tractare
1735 3693 1786 3732 co-

69 3769 173 3840 gratim
187 3767 424 3840 disposuerimus
434 3766 593 3836 honorare,
606 3765 839 3822 inadmittendis
849 3783 902 3839 pe·
955 3767 1073 3832 nantes,
1085 3761 1155 3836 jura
1172 3761 1312 3818 Ecclesia
1328 3763 1498 3820 Latinorum
1515 3765 1785 3822 consuetudinibus

73 3856 230 3913 titionibus
249 3853 348 3930 regiis,
364 3856 481 3928 quoties
496 3859 597 3910 nostro
613 3855 791 3928 apostolatui
801 3855 901 3928 porri-
957 3851 1077 3908 abusive
1092 3855 1273 3924 pervertunt.
1290 3853 1348 3908 Nos
1363 3851 1453 3926 igitur
1462 3869 1600 3912 excessus
1613 3854 1786 3928 hujusmodi

72 3951 194 4020 guntur,
221 3949 303 4001 tanto
329 3961 384 4000 nos
406 3944 567 4013 faciliores,
592 3950 736 4016 quantum
751 3960 819 4000 cum
843 3946 902 4001 Deo
956 3940 1787 4017 inpatientiasnstinerenolentes,auctoritatepraesen-

74 4033 653 4108 possumus‚vclnmusexhibere‚quanto
661 4032 905 4106 adpromovenda
957 4031 1033 4088 tium
1045 4029 1209 4086 districtius
1220 4029 1390 4088 inhibemus
1402 4048 1439 4088 ue
1451 4031 1560 4103 aliquis
1572 4032 1636 4101 tihi,
1646 4033 1787 4089 ltoclesiis

74 4127 214 4182 universa
224 4129 254 4182 et
272 4123 389 4196 singola
399 4140 465 4195 quae
484 4123 566 4195 regia
576 4123 683 4180 debeat
693 4123 840 4180 serenitas
855 4140 905 4180 ac·
959 4135 1011 4176 seu
1034 4119 1152 4177 clericis
1174 4117 1220 4174 vel
1234 4119 1406 4176 hominihus
1418 4120 1524 4177 vestris
1538 4121 1711 4193 hujusmodi
1726 4121 1789 4176 vio-

75 4219 205 4286 ceptare,
229 4213 364 4270 volumus
388 4214 514 4270 existere
529 4213 694 4286 proniores.
711 4213 787 4269 Sane
802 4217 905 4285 postu·
958 4208 1303 4283 lentiasrelgravamine
1317 4207 1353 4264 de
1367 4214 1473 4266 caetero
1488 4209 1600 4266 inferre
1616 4213 1787 4282 praesumet.

75 4303 147 4360 lavit
170 4319 268 4376 nuper
288 4303 411 4360 concedi
436 4301 493 4358 sibi
517 4318 534 4360 a
557 4301 644 4358 nobis
658 4300 696 4359 ad
710 4301 805 4358 instar
819 4301 905 4358 bonae
959 4299 1074 4366 Quodsi
1084 4299 1151 4370 quis
1161 4299 1258 4355 facere
1269 4298 1369 4370 alique
1379 4299 1787 4370 temeritatepraesumpscrit.

77 4393 230 4448 memorias
245 4391 406 4448 Clementis
416 4408 501 4464 papa
513 4391 740 4464 predecessoris
756 4391 851 4449 nostri
860 4407 903 4448 re·
960 4389 1076 4446 licitum
1091 4387 1144 4444 tibi
1160 4388 1244 4444 sitin
1260 4403 1329 4443 eum
1344 4387 1518 4444 auctoritate
1538 4387 1702 4458 apostolica
1717 4403 1789 4443 cen·

77 4483 125 4556 gia
140 4481 286 4538 celsitudo
300 4480 446 4538 utnullns
461 4481 907 4554 archiepiscopusvelprelatus
962 4492 1032 4535 sura
1058 4477 1165 4550 rigoris
1194 4475 1387 4532 ecclesiastici
1413 4475 1612 4549 promulgare.
1638 4475 1718 4532 Nulli
1743 4492 1791 4532 er-

79 4571 206 4644 quilibet
216 4570 646 4628 iufamiliaresetconsiliarios
655 4569 908 4642 suos,dequorum
924 4583 950 4650 D
966 4583 1012 4640 go,
1029 4571 1085 4622 etc.

79 4660 215 4718 absentia
227 4666 256 4716 et
274 4659 441 4733 privatione
456 4663 516 4715 tam
531 4675 656 4732 regnum
668 4657 802 4732 Ungariae
817 4673 907 4731 quam
996 4657 1103 4712 Datum
1119 4653 1266 4721 Laterani,
1280 4651 1370 4710 Nonis
1384 4652 1528 4711 ianuarii.

78 4765 208 4823 persona
216 4749 293 4824 regis
304 4749 398 4821 possit
408 4747 560 4804 incurrere
572 4747 908 4821 detrimentumetpra-
1326 4759 1423 4818 Dxffl,

80 4839 185 4896 sertim
200 4838 232 4894 in
248 4837 383 4894 Geurien.
402 4837 575 4910 episcopum
585 4835 727 4894 dilectum
741 4843 770 4894 et
780 4836 909 4894 familia·
1203 4864 1302 4907 mg
1322 4865 1545 4908 mmmmm,

80 4945 145 4985 rem
158 4942 255 4996 suum,
267 4926 329 4999 qui,
341 4931 408 4999 P0³i
417 4931 544 4982 ¹¹¹⁰li0ffl
559 4925 678 4998 imiliffl
694 4925 909 4983 r0⁰⁰ld³ii⁰¹¹i³
963 4945 1099 5011 maenas
1123 4945 1199 4998 testes
1222 4940 1259 4995 ad
1272 4942 1456 5012 acceptionem
1471 4941 1646 5012 probandam
1659 4940 1788 5008 adhibiti,

81 5019 111 5073 B.
129 5016 327 5090 progenitoris
343 5015 418 5088 ejus,
435 5015 539 5071 tamin
557 5031 663 5088 guerra
673 5031 763 5088 quam
777 5015 808 5071 in
824 5031 907 5088 pace,
998 5017 1028 5071 in
1043 5027 1126 5070 caeno
1142 5012 1297 5084 prinnpoli
1309 5013 1490 5068 testimoniam
1502 5013 1592 5069 dicere
1606 5017 1750 5083 cogantur.
1769 5075 1774 5084 ,

84 5107 113 5163 in
124 5105 263 5162 omnihus
273 5109 369 5177 elprae
381 5102 626 5161 omnibuslldelis
638 5105 694 5160 sibi
705 5102 910 5161 exstititetde·
1150 5099 1309 5172 (Laterani,
1323 5115 1350 5155 ιν
1364 5101 1438 5156 Non.
1453 5100 1608 5171 ianuarii.)

83 5200 166 5252 votus
185 5199 216 5251 et
227 5195 305 5250 inter
324 5192 474 5250 fideliores
493 5191 686 5248 fidelissimus
701 5198 746 5249 est
760 5193 909 5262 inventus,
998 5191 1074 5266 (224)
1083 5192 1123 5246 lte
1135 5188 1261 5246 testibus
1274 5189 1325 5262 qui
1335 5188 1374 5246 ad
1388 5190 1592 5261 exceptionem
1606 5185 1791 5260 probandam

83 5283 161 5341 unde
174 5284 273 5357 ipsum
287 5283 384 5356 dignis
394 5283 424 5338 in
436 5282 561 5339 Domino
571 5281 709 5338 laudibus
719 5280 911 5339 commenda·
964 5279 1123 5354 apartibus
1133 5277 1324 5348 inducuntur,
1332 5276 1712 5335 tuanosduxitfraternites
1718 5293 1793 5334 oon·

84 5389 160 5442 mus,
176 5371 493 5430 excommunicationis
504 5371 684 5428 sententiam
698 5370 909 5444 promulgaret.
965 5368 1105 5428 sulendos
1116 5371 1217 5424 utrum
1227 5367 1351 5440 cogendi
1366 5364 1792 5438 sintsuperprincipalijetiam

86 5462 206 5530 Quodsi
229 5462 334 5519 fuisset
350 5461 386 5518 ab
402 5461 503 5533 aliquo
517 5460 643 5517 forsitan
659 5463 847 5529 attentatum,
858 5477 912 5532 per
965 5457 1083 5534 negotio
1097 5456 1174 5514 ferre
1190 5455 1393 5513 testimonium
1408 5453 1535 5522 veritati,
1552 5458 1581 5509 et
1596 5471 1634 5512 en
1649 5453 1693 5512 illi
1719 5455 1790 5526 sint,

86 5567 174 5626 quem
184 5551 287 5610 mallet
300 5550 559 5625 archiepiscopum
572 5549 619 5608 vel
633 5550 806 5623 episcopum
816 5565 910 5623 usque
966 5549 1044 5607 sicut
1057 5545 1156 5605 ceteri
1170 5549 1271 5614 testes,
1280 5541 1469 5602 examinandi
1480 5542 1592 5614 stricte,
1608 5544 1659 5616 qui
1671 5543 1709 5604 ad
1719 5559 1793 5618 pur-

121 5677 196 5752 (224)
211 5677 280 5754 Gap.
296 5674 546 5750 sanabilibus.
