3956 6056
215 237 269 292 aso
701 232 1035 292 maocanmmrr.
1055 232 1376 294 nscasronunma.
1396 238 1419 294 1.
1867 244 1927 308 ³00,

214 364 265 422 nei
279 368 491 438 apparuerunt,
503 363 585 438 juste
599 379 634 422 ac
643 361 763 437 provide
769 359 1005 436 judicabit.Sane
1016 357 1041 416 si
1054 361 1085 432 Α
1099 375 1221 418 suornm
1231 362 1263 419 in
1278 378 1329 420 eos
1339 362 1456 428 duxerit
1469 368 1643 428 auctoritate
1659 367 1774 426 ordinis
1785 371 1913 444 promul.
1927 364 1928 428 ᾖ

214 453 307 510 abbas
317 452 426 524 aliquis
435 453 525 510 vestri
535 451 649 510 ordinis
659 451 779 508 infamis
793 449 839 508 vel
848 448 974 517 inutilis,
989 452 1042 506 aut
1093 448 1231 522 gandam.
1243 450 1367 520 ddhoec,
1378 454 1519 525 quoniam
1527 457 1914 516 Promonsuaten.reolesia

213 542 326 598 ordinis
337 542 382 598 sui
394 543 601 615 prevaricator
610 544 747 598 inventus
757 539 846 596 luerit
857 545 886 596 et
894 539 977 612 prins
987 555 1040 611 per
1093 538 1190 610 prima
1199 544 1294 596 mater
1304 546 1349 597 est
1360 544 1494 600 omnium
1503 545 1702 602 Ecclesiamm
1712 547 1802 603 totius
1810 547 1914 604 ordinis

211 635 327 704 patrem
338 647 424 688 suum
433 631 570 688 abbatem
579 635 630 687 eut
639 630 820 704 pernuntios
828 627 1039 701 ejusadmoni·
1095 633 1124 683 et
1133 632 1247 700 patrem
1258 645 1348 702 super
1358 648 1389 688 se
1402 633 1495 690 alium
1510 650 1570 692 non
1586 633 1694 704 babet3
1711 635 1789 692 sicut
1801 635 1837 692 ad
1851 653 1915 693 cau·

211 724 269 788 tus,
282 735 368 777 suum
381 720 527 794 corrigere
539 725 568 776 et
582 719 741 776 emendare
751 718 893 774 delictum
902 717 1040 791 neglexe·
1094 715 1184 772 telam
1198 720 1228 773 et
1242 717 1405 776 custodiam
1420 721 1536 779 ordinis
1558 727 1703 781 statutum
1719 729 1774 792 est,
1787 741 1839 796 per
1861 731 1913 782 tres

207 809 249 865 rit
262 813 314 866 aut
328 809 432 866 cedere
444 809 480 880 (si
491 809 673 866 amovendus
682 807 782 880 luerit)
793 812 898 878 sponte
910 804 1041 862 noluerit
1093 805 1206 877 primos
1223 806 1346 864 abbates
1367 808 1538 868 Lauduneu.
1553 812 1725 869 Florelllen.
1742 813 1911 870 Gnissiacen.

209 898 385 955 auctoritate
396 897 673 972 generaliscapituli
683 897 850 968 deponatur
858 913 870 960 ,·
885 894 1040 968 etdeposi-
1093 909 1194 951 annua
1209 895 1320 952 ibidem
1331 897 1458 954 visitatio
1474 899 1544 968 tlat;
1561 905 1591 956 et
1600 900 1625 957 si
1637 901 1710 972 quid
1721 900 1752 958 in
1765 901 1913 974 ipsadomo

209 984 1039 1044 tussiaedilationeaddomumundeexivitseuadaliam
1093 983 1913 1064 corrigendumluerit,absquemajoripereosaudientia

209 1075 345 1148 ejusdem
356 1074 469 1132 ordinis
480 1090 570 1148 quam
581 1074 704 1148 elegerit
718 1073 782 1130 sine
797 1071 860 1130 ulla
869 1072 1039 1130 conditione
1093 1074 1267 1145 corrigatur.
1284 1074 1406 1140 Quodsi
1421 1075 1512 1133 abbas
1528 1077 1558 1132 in
1569 1077 1746 1153 corrigendo
1763 1079 1876 1152 tepidus
1889 1085 1913 1136 et

208 1165 383 1237 temporalis
397 1165 546 1222 commodi
562 1167 736 1232 revertatur,
756 1163 787 1219 in
803 1162 973 1220 obedientia
987 1161 1041 1218 ab·
1094 1161 1211 1231 tratres,
1224 1163 1332 1235 sapius
1343 1165 1461 1236 moniti,
1473 1165 1693 1242 incorrigibiles
1702 1169 1913 1240 permanserint

209 1254 378 1324 batis‚sicut
387 1255 487 1311 caeteri
499 1255 606 1311 fratres
618 1253 711 1327 ipsius
720 1252 966 1322 domus‚iirmiter
976 1269 1040 1324 per·
1094 1249 1132 1307 ad
1146 1249 1284 1326 generale
1294 1253 1457 1324 capitulum
1466 1253 1612 1311 referatur
1627 1259 1658 1312 et
1673 1256 1752 1312 sicut
1762 1256 1864 1313 melius
1878 1257 1913 1313 vi-

209 1369 380 1410 mansurus.
397 1352 530 1426 ldipsum
546 1352 635 1409 etiam
651 1351 709 1408 alio
725 1355 869 1424 tempore,
883 1350 906 1406 si
917 1365 1040 1406 neeesse
1094 1356 1160 1396 sum
1174 1339 1556 1416 lueritconsiliogeneralis
1566 1343 1691 1416 capituli
1702 1345 1914 1414 emendetur;et

207 1441 581 1516 lueritetcapitulumsine
592 1439 928 1513 scandalovelpericulo
940 1455 1041 1512 crepa·
1095 1438 1243 1494 sententia
1257 1439 1288 1496 in
1303 1439 1359 1496 bac
1374 1445 1456 1512 parte
1479 1441 1601 1514 capituli
1623 1442 1691 1499 sine
1714 1444 1911 1500 retractatione

156 1565 159 1574 ·
212 1537 292 1590 ctare
308 1531 484 1610 nequiverit,
500 1547 554 1603 per
571 1531 709 1588 abbatem
724 1531 1041 1585 Prasmonstratensem
1094 1527 1195 1598 aliqua
1209 1527 1390 1587 observetur.
1401 1530 1521 1595 Quoties
1536 1547 1604 1588 vero
1617 1531 1753 1588 Ecclesia
1767 1533 1909 1588 Prasmon-

208 1625 239 1678 ct
253 1625 368 1694 patrem
383 1620 520 1676 abbatem
536 1623 566 1675 et
580 1619 655 1674 alios
670 1618 792 1675 abbates
809 1633 883 1690 quos
893 1615 1042 1672 vocaverit
1095 1621 1218 1672 straten.
1228 1615 1292 1672 sine
1303 1616 1409 1673 abbate
1418 1617 1517 1687 luerit,
1529 1617 1566 1675 ad
1576 1617 1719 1692 praelatos
1729 1625 1789 1676 tras
1803 1619 1910 1676 abbates

207 1708 272 1766 lieri
285 1709 396 1766 licebit.
412 1708 531 1775 Quodsi
543 1706 695 1780 depositus
709 1706 740 1762 in
751 1721 782 1762 se
793 1706 869 1762 datu
881 1703 1037 1761 sententia
1053 1729 1079 1796 Β
1095 1703 1160 1777 ejus
1175 1719 1247 1762 cura
1258 1705 1400 1778 respiciat
1414 1710 1444 1762 et
1457 1722 1476 1763 a
1493 1707 1646 1765 canonicis
1659 1707 1755 1781 ipsius
1774 1708 1910 1776 Ecclesia,

207 1797 424 1858 contumaciter
438 1797 586 1853 contraire
601 1794 768 1864 tentaverit,
785 1799 845 1851 tam
861 1793 924 1866 ipse
948 1807 1037 1866 qnam
1095 1809 1162 1854 cum
1174 1795 1591 1868 eorumconsilio,personain
1601 1797 1743 1854 abbatem
1753 1797 1856 1854 idonea
1866 1797 1911 1853 eli-

211 1887 393 1962 priuoipales
405 1886 469 1958 ejus
481 1886 576 1958 quide
592 1885 697 1942 ordine
707 1889 803 1940 vestro
813 1881 935 1952 luerim,
946 1883 976 1938 in
987 1899 1041 1939 sua
1093 1887 1198 1956 gatar:
1214 1881 1250 1938 ed
1266 1883 1425 1941 consilium
1441 1900 1528 1942 snum
1545 1890 1675 1957 quatum
1685 1883 1754 1942 aliis
1768 1885 1909 1942 abbatibus

210 1975 399 2034 contumacia
413 1975 545 2031 lautores
562 1973 599 2030 ab
615 1973 722 2030 abbate
739 1975 999 2028 praemonstraten.
1012 1979 1041 2028 et
1094 1971 1131 2027 ad
1147 1971 1282 2028 eamdem
1297 1971 1394 2040 Eccle,
1406 1975 1625 2046 pertinentibus
1634 1975 1751 2046 pariter
1764 1973 1908 2041 advocatis,

212 2065 327 2122 coieris
338 2063 493 2120 abbatibus
502 2079 629 2120 censura
640 2061 841 2118 ecclesiastica
853 2059 947 2117 donec
957 2061 1041 2116 satis·
1094 2075 1168 2132 quoa
1183 2061 1239 2133 ipsi
1261 2062 1396 2118 canonici
1418 2064 1602 2135 providerint
1621 2063 1819 2120 advocandos.
1843 2063 1912 2119 licet

209 2155 322 2212 iaciant
336 2159 502 2211 arceantur.
520 2153 628 2209 Verum
643 2169 711 2208 cum
726 2151 827 2224 aliqua
840 2149 1040 2208 Ecclesiamm
1094 2165 1212 2222 quoque
1227 2150 1389 2223 unicuique
1404 2153 1493 2208 matri
1507 2151 1603 2210 Eccle.
1619 2151 1738 2209 ordinis
1756 2152 1910 2210 scenicum

208 2248 372 2300 vestrarum
382 2240 718 2314 abbateproprioluerit
738 2240 889 2310 destituta,
912 2239 958 2295 vel
971 2255 1040 2295 cum
1094 2237 1909 2299 consilioabbatisPrasmonstratcndeabbatibnsEccle·

210 2332 252 2389 ibi
268 2331 383 2389 abbatis
399 2331 505 2386 electio
521 2330 699 2403 regulariter
712 2345 772 2386 non
787 2327 877 2385 inerit
891 2327 1040 2385 celebrata
1094 2326 1910 2404 siarumquasabeaprocessissenoscuntursiveetiamda

211 2421 266 2478 sub
277 2419 370 2493 patris
379 2417 494 2475 abbatis
509 2421 656 2490 potestate
668 2433 702 2474 ac
716 2415 912 2490 dispositione
924 2417 1038 2473 consis·
1096 2423 1156 2481 alia
1166 2421 1300 2496 ejusdem
1314 2424 1426 2481 ordinis
1438 2425 1577 2483 inferiore
1592 2427 1738 2496 Ecclesia,
1750 2427 1805 2483 sibi
1818 2443 1908 2499 qnem-

209 2523 253 2576 tat
267 2523 297 2575 et
312 2535 380 2575 cum
393 2517 527 2589 ejusdem
536 2515 672 2586 consilio,
684 2516 735 2589 qui
746 2515 900 2589 eligendus
909 2514 1009 2583 inerit,
1022 2530 1040 2571 a
1094 2526 1214 2584 cunque
1227 2512 1364 2582 voluerit,
1376 2513 1401 2570 si
1412 2518 1512 2571 tamm
1521 2514 1647 2572 idoneus
1658 2515 1815 2584 exstiterit,
1825 2515 1854 2570 in
1863 2513 1908 2569 ab·

209 2594 362 2664 canonicis
385 2606 519 2679 eligatur.
545 2605 645 2662 Electo
664 2611 764 2661 eutem
777 2605 885 2660 iratres
900 2603 1039 2660 Ecclesia
1093 2599 1193 2658 batem
1208 2617 1371 2660 assumere.
1394 2605 1555 2660 Personam
1576 2608 1679 2662 eutem
1694 2605 1732 2662 de
1746 2605 1803 2664 alio
1817 2603 1906 2660 ordine

211 2697 311 2754 statim
322 2694 523 2752 obedientiam
539 2695 733 2768 promittant;
750 2693 800 2764 qui
814 2708 875 2749 non
887 2692 972 2764 qnasi
986 2691 1040 2748 ab·
1093 2689 1178 2746 nulla
1193 2689 1392 2748 Ecclesiarum
1402 2697 1566 2749 vestrarum
1577 2693 1775 2768 sibieligatin
1785 2691 1906 2750 abbatem

210 2786 326 2842 solutus
340 2800 358 2840 a
382 2789 529 2856 potestate
550 2783 643 2856 patris
667 2781 782 2839 abbatis
796 2779 842 2836 vel
858 2781 971 2838 ordinis
992 2781 1038 2836 sui
1093 2794 1148 2835 nec
1155 2779 1243 2834 vestri
1257 2779 1371 2837 ordinis
1387 2781 1488 2852 aliqua
1499 2783 1528 2837 in
1539 2781 1679 2839 abbatem
1695 2779 1906 2840 monasteriial·

209 2873 435 2946 archiepiscopo
449 2871 495 2928 vel
505 2871 655 2944 episcopo,
667 2871 698 2926 in
708 2871 794 2944 cujus
806 2868 927 2926 dioecesi
937 2869 1037 2938 luerit,
1092 2867 1187 2924 terius
1201 2863 1327 2938 ordinis,
1344 2869 1401 2926 nisi
1417 2870 1454 2926 de
1477 2869 1654 2929 auctoritate
1670 2873 1756 2928 Rom.
1771 2869 1905 2936 Ecclesia,

212 2967 419 3036 praesentetur,
442 2958 661 3032 plenitudinem
676 2959 713 3016 ab
728 2974 762 3014 eo
779 2957 870 3014 oflicii
880 2963 1040 3031 perceptu·
1093 2955 1256 3013 ordinetur.
1273 2957 1352 3013 Nulli
1367 2957 1456 3015 etiarn
1467 2960 1627 3016 canonicos
1639 2960 1688 3016 vel
1703 2975 1856 3017 conversos
1869 2973 1906 3012 ve·

208 3067 279 3107 rus:
295 3051 337 3106 ita
351 3055 450 3105 tamen
463 3047 543 3121 quod
557 3047 740 3120 postlactam
754 3046 977 3120 archiepiscopo
992 3047 1037 3103 vel
1051 3086 1077 3156 C
1093 3048 1171 3100 atros
1181 3044 1246 3101 sine
1255 3045 1378 3102 licentia
1387 3045 1527 3103 abbatum
1546 3048 1682 3121 recipere
1696 3055 1748 3106 aut
1767 3051 1905 3119 susceptos

209 3139 348 3212 episcopo
358 3153 410 3194 sno
419 3136 804 3210 professionem,occasione
813 3136 865 3192 illa
872 3151 933 3194 non
942 3140 1039 3192 uana
1093 3131 1326 3190 liceatretinere.
1339 3135 1414 3190 Sane
1427 3135 1503 3191 nulli
1513 3137 1752 3194 Ecclesiaavestri
1764 3133 1906 3192 ordinisli·

209 3227 360 3302 gradiatur
374 3224 602 3282 constitutiones
615 3223 728 3281 ordinis
745 3224 790 3280 sni
804 3241 860 3282 nec
883 3225 914 3281 in
938 3223 1038 3298 aliquo
1093 3221 1202 3278 ceatad
1211 3221 1439 3293 aliquamaliam
1449 3224 1667 3297 professionem
1678 3225 1841 3283 temeritate
1848 3237 1906 3294 qna·

210 3316 275 3390 ejus
290 3315 499 3389 prevaricator
515 3314 631 3371 existat.
656 3313 766 3386 Siquis
787 3313 876 3371 etiam
899 3331 934 3372 ex
957 3313 1039 3370 vobis
1092 3311 1166 3367 libet
1180 3327 1213 3367 se
1228 3311 1399 3370 transferre.
1416 3313 1444 3368 Si
1453 3307 1519 3385 quaa
1535 3330 1602 3371 vero
1611 3315 1752 3373 Ecclesia
1762 3313 1906 3372 canonico-

210 3405 352 3463 canonioe
368 3405 480 3461 electus
494 3403 525 3458 in
541 3402 691 3472 abbatem,
706 3402 874 3460 dioecesano
899 3403 1038 3476 episcopo
1091 3415 1159 3455 rum
1173 3398 1297 3456 alterins
1309 3399 1423 3457 ordinis
1436 3402 1472 3458 ad
1483 3402 1619 3460 ordinem
1632 3411 1765 3461 vestrum
1774 3400 1902 3465 venerint,

210 3495 303 3552 semel
318 3495 470 3552 etiterum
485 3491 670 3566 parabbates
684 3492 773 3548 vestri
784 3492 896 3549 ordinis
907 3509 1039 3564 praesen-
1091 3488 1129 3546 ad
1144 3489 1307 3546 Ecclesiam
1327 3490 1417 3547 vestri
1437 3491 1551 3549 ordinis
1569 3491 1903 3562 babeantsinerelraga·

209 3589 298 3654 tatus,
314 3583 555 3640 benedictionem
570 3582 607 3640 ab
620 3597 655 3639 eo
669 3598 730 3639 non
746 3582 876 3655 potnerit
890 3581 1036 3649 obtinere,
1091 3576 1173 3634 tione
1183 3583 1353 3651 respectum
1361 3579 1392 3636 in
1404 3595 1464 3652 qna
1470 3587 1600 3638 vestrum
1608 3587 1774 3639 noscuntur
1782 3579 1902 3636 ordinem

208 3689 247 3729 ne
262 3672 395 3729 Ecclesia
409 3670 446 3727 ad
461 3687 551 3742 quam
562 3675 683 3726 vocatus
698 3675 743 3727 est
757 3669 899 3727 destituta
912 3671 1038 3726 consilio
1091 3673 1298 3746 assumpsisse.
1315 3675 1472 3746 Praeterea,
1495 3677 1520 3732 si
1534 3677 1613 3734 inter
1633 3677 1751 3752 aliquas
1772 3673 1902 3734 Ecclesias

209 3766 1038 3844 pericliteturoldcioetlocoabbatisplenariesecundum
1091 3762 1180 3818 vestri
1196 3763 1310 3820 ordinis
1324 3763 1362 3820 dc
1376 3765 1590 3838 temporalibus
1606 3767 1732 3838 queastio
1752 3761 1900 3824 emerserit,

97 3897 101 3910 .
210 3857 347 3915 ordinem
358 3857 498 3929 iungatur
507 3855 538 3912 in
550 3871 594 3922 ea,
606 3861 666 3912 tam
681 3855 712 3911 in
725 3855 921 3912 exterioribus
935 3857 1037 3928 provi-
1091 3866 1152 3909 non
1167 3856 1250 3908 extra
1264 3852 1400 3910 ordinem
1417 3854 1618 3912 ecclesiastica
1631 3856 1680 3912 vel
1696 3852 1841 3914 saecularis
1853 3865 1901 3907 an·

211 3945 415 4018 dandisquam
425 3945 456 4000 in
466 3943 657 4002 interioribus
673 3943 865 4017 corrigendis,
883 3944 977 4002 donec
987 3950 1040 4002 aut
1090 3939 1204 3997 dienlia
1217 3941 1397 4014 requiratur,
1414 3940 1466 3999 aed
1480 3941 1630 4002 mediante
1640 3935 1901 4002 premonstratensi

210 4035 380 4090 interventu
403 4031 551 4106 generalis
573 4032 695 4104 capituli
716 4033 803 4088 vestri
825 4039 877 4089 aut
890 4041 1037 4107 praecepto
1091 4029 1449 4104 abbateetcateris,quos
1459 4033 1615 4102 vocaverit,
1625 4031 1849 4092 autcharitative
1862 4029 1901 4083 in·

210 4123 335 4181 Romani
345 4122 494 4195 pontilicis
504 4137 555 4178 seu
565 4121 785 4194 metropolitani
797 4121 1037 4180 benedictionem
1090 4123 1138 4175 ter
1152 4135 1202 4176 eas
1212 4125 1409 4192 componatur
1418 4125 1470 4177 aut
1479 4122 1589 4178 auditis
1603 4123 1743 4196 utrinque
1752 4117 1902 4178 rationibus

210 4227 296 4270 suam
313 4211 455 4269 obtineat.
471 4211 562 4266 Porro
578 4209 662 4267 nulla
685 4226 813 4284 persona
836 4211 1038 4268 ecclesiastica
1091 4208 1195 4265 eadem
1216 4209 1415 4267 controversia
1430 4211 1514 4284 justo
1534 4211 1649 4285 jndicio
1671 4211 1850 4269 terminetur.
1865 4201 1901 4259 ld

209 4318 263 4375 pro
272 4301 432 4358 chrismate
445 4303 497 4358 aut
506 4299 783 4356 consecrationibus
800 4305 830 4356 et
840 4300 1038 4357 ordinationi·
1091 4297 1235 4371 majorem
1247 4313 1366 4371 quoque
1382 4299 1495 4356 ordinis
1510 4301 1598 4358 vestri
1620 4317 1724 4374 pacem
1738 4307 1902 4358 conservan-

208 4390 265 4448 bus
273 4397 324 4446 aut
333 4407 385 4462 pro
393 4389 555 4462 sepultura,
567 4388 1036 4462 pretium,autprobenedicendo
1091 4385 1343 4455 dam,distriotins
1352 4389 1545 4460 probibemus
1560 4407 1598 4447 ne
1607 4391 1716 4464 aliquis
1725 4387 1899 4463 praelatorum

208 4479 315 4536 abbate
326 4478 536 4534 etdeducendo
547 4478 577 4532 in
589 4477 690 4534 sedem
702 4495 786 4534 suam
796 4477 973 4550 palefridum
981 4484 1033 4535 aut
1049 4461 1074 4526 D
1089 4474 1134 4531 vel
1145 4475 1330 4532 subditorum
1338 4482 1501 4534 vestrorum
1512 4479 1545 4535 in
1555 4479 1602 4535 bis
1611 4474 1897 4551 quaesddiseipttnam

208 4566 330 4639 aliquod
355 4567 436 4624 alind
460 4582 477 4623 a
499 4566 582 4623 vobis
603 4567 739 4642 exigere3
768 4566 870 4625 nullus
895 4571 1035 4638 vestrum,
1090 4564 1896 4642 etinstitutaordinisspectantaudeat,proutstatutnm

209 4663 326 4720 etiamsi
337 4664 479 4738 erigatur,
489 4662 559 4719 dare
568 4669 742 4736 praesumat:
752 4663 822 4737 quia
832 4669 862 4720 et
871 4663 1036 4737 exigentem
1091 4652 1177 4708 0⁸⁸5ss
1187 4653 1377 4710 balmensi
1392 4655 1530 4726 0⁰¹¹cssi⁰s
1545 4655 1712 4730 wilellmi
1728 4654 1779 4712 ⁸01¹
1789 4651 1812 4709 ⁵1
1824 4647 1896 4721 t1⁰5⁸·

208 4758 239 4810 et
253 4753 373 4808 dantem
386 4757 456 4808 nota
469 4757 498 4809 et
512 4753 678 4825 periculum
694 4753 868 4809 simoniaca
884 4753 1037 4826 pravitatis
1090 4749 1337 4822 quamappellare
1350 4753 1515 4822 tentaterit,
1526 4750 1773 4811 nihilominusilli
1783 4757 1895 4820 quorum

208 4841 340 4899 involvit.
353 4841 497 4896 Caeterum
507 4841 531 4896 si
542 4839 642 4912 aliqua
662 4839 861 4897 Ecclesiamm
872 4847 1036 4898 vestrarum
1090 4837 1215 4895 interest
1229 4839 1394 4912 regularem
1409 4841 1598 4916 disciplinam
1608 4833 1897 4900 exerceredebebunt·

208 4929 335 5004 pastoris
360 4928 465 4986 solatio
490 4927 642 4998 destituta,
656 4929 734 4985 inter
757 4929 863 4988 iratres
874 4929 910 4986 de
926 4929 1036 4987 substi-
1091 4927 1131 4983 lle
1146 4930 1264 4996 cataro,
1281 4929 1453 5001 quoniame
1468 4931 1593 5004 strepitu
1607 4936 1637 4988 et
1651 4927 1777 4988 tumultu
1790 4919 1897 4981 secula·

208 5019 319 5076 tuendo
334 5017 439 5075 abbate
453 5017 699 5074 discordialuerit
712 5017 757 5073 vel
772 5019 900 5074 scissura
915 5019 1036 5076 suborta
1091 5015 1167 5073 rium
1181 5017 1299 5086 remoti,
1314 5033 1417 5090 pacem
1433 5024 1463 5075 et
1477 5019 1608 5091 quietem
1624 5019 1754 5093 diligitis,
1776 5009 1896 5090 grongi&s

207 5115 237 5166 et
252 5107 309 5180 ipsi
322 5105 408 5163 lacile
423 5106 460 5161 ad
481 5106 669 5162 concordiam
684 5107 729 5162 vel
744 5107 890 5162 unitatem
905 5107 1034 5163 revocari
1089 5112 1200 5162 vestras
1215 5111 1244 5161 et
1256 5111 1364 5176 curtes,
1376 5107 1453 5164 sicut
1466 5112 1497 5164 et
1508 5109 1584 5165 atria
1597 5109 1791 5166 Ecclesiarum
1804 5115 1820 5157 a
1833 5111 1895 5170 prt-

208 5197 492 5270 nequiverint,pater
501 5193 592 5251 abbas
601 5195 1034 5251 consilioconbbatumsuornm
1089 5211 1192 5250 vorum
1205 5195 1327 5251 incursu
1343 5200 1373 5252 et
1386 5196 1526 5253 violentia
1538 5196 1633 5254 libera
1657 5199 1719 5254 lore
1741 5189 1894 5250 sancimnst

209 5287 253 5342 eis
266 5286 403 5342 idoneam
420 5283 572 5356 provideat
596 5299 754 5357 personam
770 5287 800 5338 ct
814 5283 858 5339 illi
880 5299 945 5340 eam
970 5285 1035 5340 sine
1088 5275 1893 5360 prohibentesutnntlustuihominemcspsre,spolior⁶

210 5374 446 5430 contradictione
470 5374 619 5446 recipiant
646 5373 677 5430 in
704 5371 861 5441 abbatem;
888 5387 977 5444 quam
1010 5373 1035 5430 si
1088 5374 1242 5431 verberare
1257 5375 1494 5433 seuinterlicere
1515 5377 1690 5435 autlurtum
1704 5373 1747 5432 vel
1771 5365 1891 5440 rapinam

207 5461 339 5533 recipere
380 5462 626 5534 contempserint,
663 5461 817 5518 sententias
851 5460 1034 5535 subjaceant,
1088 5461 1274 5518 committere
1288 5460 1405 5518 audeat.
1416 5462 1461 5520 Ad
1475 5462 1626 5522 evitandos
1639 5479 1707 5522 vero
1722 5451 1889 5518 secularium

207 5563 297 5622 quam
332 5553 417 5621 pater
456 5549 548 5607 abbas
588 5565 657 5607 cnm
691 5548 820 5606 consilio
858 5549 1035 5608 coabbatum
1087 5549 1218 5607 virorum
1238 5549 1431 5624 frequentias,
1446 5551 1575 5612 liberum
1590 5553 1628 5612 sit
1642 5552 1730 5621 vobis,
1745 5539 1889 5613 salvol'uro
