3952 6042
97 293 131 350 cl
626 269 1293 343 annumeransmaormumsuaoa
1776 287 1813 343 os

102 422 157 480 tibi
173 435 229 494 pro
245 421 320 476 teet
342 432 393 473 sex
407 411 528 470 famatis
551 411 610 468 tuis
634 409 671 467 de
695 405 846 468 communi
868 403 928 460 lra·
942 397 1162 482 Adignoscitur
1176 411 1343 487 longiorem
1358 422 1390 472 et
1402 433 1456 488 pro
1471 431 1525 474 saa
1541 421 1571 473 et
1583 415 1723 474 Ecclesia
1735 419 1808 474 'lre-

102 521 185 569 trnm
201 513 372 566 nostrorum
388 510 418 560 et
441 509 501 560 tam
522 500 815 574 archiepiscoporum
840 508 930 568 qaam
986 508 1085 551 recen.
1102 505 1312 574 consequenda
1327 504 1438 562 diutins
1448 506 1567 579 justitia
1581 506 1733 564 laborasse
1749 523 1756 562 :
1773 524 1811 564 ne

102 601 314 674 episcoporum
329 599 359 652 et
370 593 497 650 aliorum
508 590 699 664 prudentium
715 586 840 645 consilio
855 598 930 657 qnos
983 580 1152 644 videremur
1166 591 1275 648 clausis
1290 593 1384 650 oculis
1408 598 1560 668 praeterire
1576 601 1605 650 et
1620 596 1662 652 sic
1686 595 1723 652 de
1738 613 1810 653 nos·

102 688 226 764 perlici
244 681 478 742 misericordiam
503 678 930 748 mcltcsnobiseampresen-
984 671 1021 725 tri
1048 690 1204 744 possemus
1233 685 1421 740 exsecutione
1448 685 1539 740 olticii
1567 685 1756 757 reprehendi,
1784 687 1809 741 si

102 786 149 836 tes
166 776 337 840 habuimus,
351 770 502 828 licentiam
517 768 711 825 concedimus
728 769 829 822 votum
845 776 931 835 pere-
985 773 1075 831 snper
1089 763 1135 820 hic
1150 781 1216 837 qcae
1238 777 1342 826 ccclii
1355 772 1529 844 pradictum
1551 773 1808 845 archiepiscopum

102 867 283 944 grinationis
295 863 395 920 taliter
409 865 603 924 commutare,
619 863 652 914 ut
668 871 773 914 omnes
785 866 930 925 expensas
984 851 1220 924 opponebantur,
1232 873 1292 914 non
1307 859 1472 918 laceremus
1487 863 1639 934 inquirere
1653 862 1810 920 sollicitius

104 975 181 1032 quas
196 955 296 1012 lueres
309 954 339 1008 in
364 949 472 1018 eundo,
488 947 633 1004 morando
648 951 679 1002 et
702 940 855 1000 redeundo
870 939 930 995 lac·
984 938 1182 1012 veritatem,et
1196 963 1264 1004 cum
1279 948 1315 1005 de
1330 957 1503 1024 contemptu
1515 951 1691 1026 quemapud
1706 951 1808 1008 sedem

104 1055 203 1115 turus,
226 1043 314 1100 alicui
338 1039 475 1112 religioso
502 1035 671 1094 committas
695 1035 725 1089 in
747 1029 931 1088 necessarios
985 1030 1180 1098 apostolicam
1209 1035 1319 1094 habere
1348 1039 1532 1112 dignoscitur
1552 1057 1613 1098 non
1637 1057 1810 1098 curaremus

104 1151 180 1192 usus
197 1138 285 1188 terrm
298 1128 380 1184 illius
395 1127 459 1182 sine
474 1124 672 1181 diminutione
687 1120 821 1194 qualibet
837 1123 933 1174 trans·
985 1117 1242 1181 animadversione
1266 1126 1368 1184 debita
1389 1131 1534 1203 castigare
1551 1146 1558 1184 t
1584 1129 1809 1202 inquisitionem

103 1219 308 1280 ferendas.Sic
324 1216 404 1272 enim
419 1221 449 1272 et
463 1213 600 1270 orientali
613 1211 852 1287 provinciasque
864 1205 932 1280 plns
965 1247 968 1254 ⁴
986 1205 1080 1279 ipsius
1094 1213 1202 1284 negotii
1219 1223 1323 1273 vestrm
1346 1218 1485 1275 duximus
1512 1220 1701 1292 experientia
1728 1236 1809 1278 com·

104 1313 168 1369 tuis
183 1325 274 1382 quam
290 1312 318 1362 te
333 1307 364 1362 in
379 1303 504 1360 articulo
521 1300 706 1359 necessitatis
731 1297 871 1355 instantis
885 1293 933 1350 in·
987 1297 1173 1370 mittendam,
1186 1303 1360 1364 discretioni
1375 1315 1478 1364 vestra
1494 1325 1547 1381 per
1561 1310 1724 1382 apostoliea
1738 1312 1811 1367 scri·

104 1401 254 1475 diget,tna
268 1395 460 1452 subventione
476 1381 932 1464 prolicies,et‘irecenEcelesiae
986 1389 1037 1456 pta
1058 1391 1233 1450 mandantes
1260 1402 1407 1467 quatenus
1428 1399 1595 1455 convocatis
1614 1398 1651 1455 ad
1678 1415 1795 1471 presan

105 1497 158 1546 tua
171 1485 331 1562 prasentia
346 1488 374 1539 et
399 1481 543 1556 regimine
566 1479 670 1536 utilius
696 1474 883 1552 providebis:
899 1489 932 1529 ac
987 1475 1059 1531 tiam
1072 1485 1198 1538 vestram
1214 1485 1348 1554 partibus
1364 1491 1394 1542 et
1411 1487 1521 1544 auditis
1536 1505 1603 1559 quta
1616 1495 1719 1545 contra
1732 1505 1810 1561 prae·

105 1597 162 1652 per
177 1577 233 1633 hoc
245 1575 353 1631 animm
367 1577 425 1627 tum
441 1569 590 1626 salubrius
605 1563 933 1624 consuletur.tsborem
987 1563 1099 1622 dietum
1114 1571 1371 1647 arehiepiscopum
1385 1575 1527 1648 prelatus
1550 1575 1682 1634 decanus
1701 1593 1812 1651 propc-

106 1668 199 1724 etiam
216 1663 368 1720 laboribus
383 1675 602 1732 recompenses,
619 1653 776 1714 sollicitius
795 1649 933 1709 instando
987 1669 1059 1712 nere
1074 1659 1243 1720 volucritat
1258 1664 1394 1735 probare,
1417 1667 1680 1738 utriusquepartis
1704 1667 1812 1739 proba:

106 1753 362 1830 vigiliis,devotins
376 1765 483 1806 vacans
498 1745 682 1804 orationibus
697 1749 726 1801 et
736 1740 863 1818 jejuniis
876 1739 934 1796 ior·
988 1748 1085 1804 tiones
1100 1755 1129 1804 et
1143 1751 1336 1824 allegationes
1349 1760 1444 1810 cestro
1460 1755 1556 1827 sigilo
1569 1755 1698 1829 signatas
1710 1761 1811 1812 ncstrc

106 1849 169 1902 tius
186 1850 214 1900 te
229 1857 381 1907 exercens,
392 1855 425 1896 ac
440 1855 530 1911 super
543 1852 631 1910 grege
644 1841 695 1892 tuo
709 1833 835 1908 vigilans
850 1829 934 1886 solli·
947 1837 976 1904 B
987 1839 1166 1909 apostolatui
1182 1844 1405 1910 transmeari„
1417 1845 1605 1918 praeflgenlcg
1618 1847 1736 1917 utrique
1746 1861 1813 1917 par.

104 1933 240 1992 citudine
264 1929 414 2005 pastorali.
432 1928 475 1984 lld
491 1927 568 1984 hanc
591 1931 692 1983 autem
715 1919 932 1996 indulgentiam
987 1927 1008 1982 ti
1024 1929 1185 1984 terminum
1201 1936 1430 2004 competentem,
1446 1949 1516 2005 quo,
1531 1933 1613 1988 omni
1626 1933 1769 1990 dilatione
1782 1940 1813 1990 et

104 2025 158 2081 ilbi
174 2023 210 2079 de
226 2021 409 2094 benignitate
423 2017 502 2074 Sedis
526 2014 695 2089 apostolica]
717 2010 886 2068 faciendam
901 2007 931 2063 ld
986 2017 1175 2076 excusaliune
1190 2020 1364 2093 postposita,
1380 2028 1482 2078 nostro
1497 2039 1528 2078 qe
1543 2028 1649 2078 curent
1663 2039 1810 2096 conspec-

104 2115 198 2170 etiam
214 2109 383 2185 specialiter
397 2124 452 2164 nos
467 2106 593 2173 induxit,
604 2103 684 2177 quod
700 2103 756 2158 iter
771 2107 854 2157 tuum
866 2100 931 2171 lam
986 2109 1027 2164 lui
1043 2115 1233 2180 praesentare,
1249 2111 1276 2166 si
1292 2127 1360 2166 cero
1376 2117 1649 2183 supramemoratus
1663 2111 1809 2184 archiepi.

103 2221 165 2260 non
178 2201 334 2258 videbatur
346 2195 549 2254 ultramarina
560 2191 720 2268 provincie
734 2192 930 2258 fructuosum,
986 2203 1124 2270 scopatur
1139 2197 1170 2254 in
1185 2201 1312 2256 termino
1326 2201 1354 2254 el
1367 2216 1385 2256 a
1396 2199 1478 2256 vobis
1491 2201 1612 2273 praellae
1627 2200 1665 2257 ad
1680 2217 1812 2274 presen-

102 2310 120 2350 ἃ
136 2305 198 2365 quc
212 2291 274 2347 lenc
289 2305 393 2345 omnes
408 2285 511 2343 Gallici
533 2286 712 2340 remearant.
728 2281 764 2336 Et
784 2296 853 2336 cum
877 2295 931 2352 pro
986 2285 1056 2342 tiam
1069 2291 1201 2344 nostram
1217 2289 1414 2359 personaliter
1426 2289 1566 2346 accedere
1578 2306 1638 2347 non
1654 2291 1811 2361 curaverit,

103 2383 202 2438 salute
218 2381 326 2436 animae
341 2382 398 2433 tua
409 2391 443 2432 ac
454 2375 590 2432 libertate
604 2371 867 2428 TrecenEcelesiea
878 2384 932 2442 per
984 2390 1035 2430 vos
1050 2389 1118 2430 enm
1131 2391 1165 2430 cx
1182 2381 1252 2432 tuno
1264 2380 1439 2434 auctoritate
1452 2383 1554 2434 nostra
1569 2377 1749 2436 denuntietis
1759 2389 1813 2451 pu·

102 2471 220 2528 dictam
234 2468 374 2525 comitem
388 2463 575 2537 assequenda
594 2461 741 2536 precipue
767 2467 866 2516 votum
879 2475 930 2532 pe·
984 2460 1192 2532 blice,sublato
1206 2465 1415 2538 appellationis
1427 2465 1590 2536 obstaculo,
1604 2467 1703 2526 olllcio
1718 2467 1810 2524 bene-

103 2558 315 2630 regm'nationis
331 2555 475 2622 emiseris,
493 2569 527 2609 eo
542 2551 658 2609 sublato
677 2551 714 2606 de
736 2549 846 2618 medio,
861 2549 931 2621 quia
985 2551 1113 2624 licioque
1129 2569 1308 2626 suspensum
1322 2561 1352 2610 et
1365 2554 1482 2612 lactatis
1496 2555 1587 2611 latam
1612 2556 1643 2611 in
1659 2573 1727 2612 eum
1741 2572 1809 2612 sns-

103 2653 299 2707 cessaverunt
311 2643 538 2712 caesareanas
553 2656 670 2698 cessare
685 2637 782 2713 potuit
796 2643 826 2694 et
840 2637 931 2694 ellec-
984 2641 1138 2712 pensionis
1151 2643 1330 2700 sententiam
1346 2657 1564 2715 percensuram
1579 2643 1811 2701 eeclesiasticam

103 2745 163 2795 tus.
180 2735 259 2793 Nulli
275 2749 355 2808 ergo,
371 2737 426 2790 etc.
983 2729 1195 2787 inviolabiliter
1222 2731 1381 2789 observari.
1412 2731 1440 2788 Si
1469 2738 1569 2790 autem
1598 2733 1677 2789 inter
1704 2737 1813 2790 caetera

139 2829 248 2884 Datum
262 2821 396 2880 Laterani
411 2819 629 2878 ldibusllartii.
985 2835 1051 2892 qum
1062 2819 1126 2892 jana
1150 2821 1247 2876 dictus
1271 2820 1401 2878 decanus
1425 2829 1529 2879 contra
1552 2823 1810 2896 archiepiscopum

477 2911 557 2968 Lxx.
984 2911 1172 2983 proposuerit
1186 2911 1533 2984 memoratumdegitime
1549 2911 1716 2983 probaverit
1730 2909 1811 2982 quod

102 3021 247 3064 montensi
266 3019 405 3072 actaeona,
425 3019 522 3059 aaran
542 3017 575 3058 ns
593 3017 675 3056 anon.
698 2999 733 3072 [t.
753 3016 777 3055 s.
796 2998 928 3068 runconJ.
961 2998 1083 3071 ⁴ipsum
1098 3003 1128 3052 et
1141 2999 1172 3053 E.
1191 2999 1315 3066 socium,
1328 3004 1486 3072 postquam
1502 2999 1760 3072 iterarripuerunt
1773 2998 1812 3054 ad

312 3101 345 3141 cr
363 3099 519 3140 ramosam
537 3097 725 3138 recreemus.
984 3086 1087 3144 sedem
1114 3087 1307 3159 apostolicam
1330 3087 1479 3158 veniendi,
1491 3089 1556 3163 J'am
1580 3088 1676 3144 dictus
1696 3087 1813 3146 archie-

107 3179 141 3233 Ut
155 3179 302 3261 inquirant
316 3173 658 3260 cont-rauss'rcltiepiscolmm
675 3171 869 3258 Trellffl'mitm,
884 3183 930 3224 δυ·
945 3205 972 3276 G
986 3178 1125 3251 piscopus
1155 3177 1363 3250 exspoliaverit
1389 3177 1435 3234 vel
1469 3176 1574 3234 fecerit
1599 3176 1732 3250 spoliari,
1760 3193 1812 3233 vos

137 3265 192 3320 W
205 3249 316 3319 ΟΜΝ
340 3245 519 3310 mmmm?
534 3250 559 3301 ⁶‘
581 3259 606 3301 ⁸²
624 3243 769 3314 culpam
792 3245 855 3312 Μ·
871 3255 931 3297 ³¹⁴⁸·
986 3267 1086 3323 taliter
1100 3265 1198 3322 ablata
1213 3265 1268 3339 ipsi
1286 3265 1400 3322 decano
1415 3274 1445 3324 et
1461 3267 1540 3324 socio
1565 3283 1618 3324 suo
1633 3267 1715 3324 omni
1730 3270 1812 3339 post·

142 3409 217 3464 Cum
230 3405 522 3480 irreprehensibilem
531 3404 636 3461 deceat
645 3421 710 3460 esse
721 3402 893 3476 pontillcem
901 3405 933 3457 et
985 3356 1082 3457 ΨΜ
1095 3355 1209 3412 f⁸⁰iati⁵
1238 3355 1381 3456 dila²f⁰¹¹⁰
1404 3354 1563 3456 reffmuifll
1584 3355 1683 3427 fl)lum
1696 3355 1814 3411 trebie·

105 3503 142 3570 ps,
159 3496 477 3558 cujfflqmfflmoum
498 3495 706 3565 committitur,
727 3492 933 3567 mmmm·
985 3461 1140 3518 precopum
1170 3443 1206 3500 ab
1235 3443 1334 3500 olllcro
1367 3443 1529 3516 pontillcalr
1567 3459 1745 3516 suspensum
1774 3441 1813 3500 ad

105 3605 199 3646 cerna
214 3603 303 3660 super
312 3582 677 3652 candelabrum,doctrina
687 3589 716 3640 et
725 3582 860 3656 exemplo
871 3598 933 3639 om·
985 3539 1119 3634 mma}
1162 3533 1352 3606 mennam
1391 3532 1534 3632 difissaffl·
1571 3532 1669 3633 Μὴ,
1704 3531 1812 3588 linem

924 3670 930 3684 .
986 3620 1172 3679 obstantibus
1200 3621 1305 3677 barum
1336 3626 1487 3677 mentione
1513 3638 1573 3677 non
1602 3621 1713 3690 habita,
1754 3625 1810 3676 etc.

106 3677 197 3734 nibus
205 3676 312 3733 debeat
324 3675 441 3774 elucere
452 3690 460 3742 ς
472 3675 588 3745 quoties
599 3673 635 3774 ad
645 3673 828 3774 apostolatus
839 3677 932 3728 nostra
985 3711 1069 3778 Quod
1084 3712 1109 3767 si
1125 3727 1241 3781 omnes,
1256 3715 1286 3767 lu
1300 3709 1392 3767 mter
1406 3711 1554 3783 ppiscope'
1567 3714 1624 3766 etc·

107 3761 932 3836 notitiamdetratribuscoepiscoprsnostrrsaliqnaper-
1352 3801 1435 3856 Lm

105 3857 327 3924 feranturque
343 3851 520 3910 modestiam
535 3867 596 3908 non
622 3852 739 3925 sapiant
753 3850 933 3924 pastoralem
1438 3844 1446 3859 ‘

106 3953 137 4006 et
161 3945 272 4002 lamam
287 3942 356 3998 boni
372 3941 503 3998 nominis
517 3940 696 3998 labefaciant
710 3939 935 4014 quomodolibet
986 3907 1123 3962 mmm
1144 3906 1284 3958 ’ΝΟΜ
1304 3905 1404 3956 mm
1424 3905 1524 3946 ”m
1548 3903 1652 3946 mm
1671 3903 1704 3944 m
1722 3903 1814 3944 mom

1295 3987 1389 4026 aanor!
1408 3987 1501 4028 unct.

106 4034 154 4094 vel
170 4033 336 4133 d⁰⁰⁵ssff³¹²tr
353 4029 489 4134 f¹⁰¹⁰¹¹¹¹¹⁸
503 4029 664 4088 mumdum
679 4036 708 4086 θ’
723 4031 889 4100 ‘mmmm’
905 4035 935 4086 οἱ
990 4066 1024 4119 Ut
1038 4066 1167 4120 restituta
1180 4062 1341 4131 Leqionenst
1355 4061 1481 4115 Ecclesiae
1495 4051 1735 4115 archidiaconatus
1747 4071 1813 4128 pos·

105 4127 143 4184 ad
169 4141 205 4182 ea
227 4123 401 4196 diligentius
427 4121 604 4196 indaganda,
624 4127 654 4178 et
677 4121 933 4178 animadversione
1178 4133 1302 4201 sessione,
1318 4147 1426 4187 cansam
1436 4133 1502 4204 jare
1515 4134 1624 4202 finiam.

104 4210 933 4284 debitacorrigendaapostolicarsollicitudinisintendi·
1112 4214 1208 4289 (Apud
1237 4215 1264 4270 S.
1294 4215 1426 4282 Petrum,
1450 4231 1486 4268 xv
1510 4212 1573 4270 Kal.
1599 4209 1687 4284 Maii.)

105 4321 174 4362 mus
189 4317 339 4375 apponere
354 4300 543 4358 medicinam.
554 4301 706 4358 Senecam
720 4301 756 4358 de
771 4299 932 4358 venerabili
1023 4308 1107 4374 Cum,
1122 4305 1199 4362 sicut
1217 4303 1394 4372 audivimus,
1419 4303 1498 4358 inter
1522 4301 1678 4374 Legionen.
1705 4304 1735 4354 et
1757 4299 1813 4354 Lu·

103 4395 198 4452 fratre
209 4396 311 4448 nostro
323 4389 704 4464 treverenarehiepisoopo
715 4389 933 4448 dilectustllius
987 4413 1053 4454 cen.
1070 4393 1216 4452 Ecclesiae
1233 4393 1306 4448 olim
1321 4384 1411 4464 'snper
1429 4391 1671 4448 archidiaconatu
1695 4387 1732 4444 de
1746 4386 1814 4444 Tria

105 4483 206 4556 major
219 4482 365 4536 Treveren
385 4477 515 4536 decanus
529 4478 773 4552 adapostolicam
788 4479 932 4537 accedens
987 4481 1115 4541 castella
1138 4482 1169 4537 in
1193 4481 1352 4553 praesentia
1375 4479 1470 4535 felicis
1494 4477 1709 4536 recordationis
1729 4473 1812 4532 Lucii

103 4568 973 4648 praesentiammultequaamaturitatenoscunturpon·1)
989 4591 1072 4649 pape
1088 4573 1136 4642 lll,
1152 4569 1380 4644 predecessoris
1393 4571 1497 4638 nostri,
1514 4566 1711 4642 presentibus
1726 4581 1812 4621 nun-

103 4657 324 4719 tillcalisolllcii
334 4657 537 4714 alienalelicis
547 4657 762 4716 reeordationis
773 4659 930 4716 Caelestino
985 4664 1034 4720 tiis
1049 4661 1203 4732 utriusque
1227 4659 1319 4732 partis
1332 4675 1422 4715 causa
1445 4657 1556 4714 diutius
1570 4657 1678 4730 agitata
1692 4653 1808 4722 fuisset,

102 4767 188 4825 papae
200 4747 413 4821 predecessori
424 4753 526 4802 nostro
541 4753 571 4804 et
583 4746 802 4805 aliislratribns
810 4765 931 4823 sugges·
986 4752 1107 4809 tandem
1130 4752 1287 4823 legionen.
1310 4747 1449 4803 Ecclesia
1470 4747 1527 4803 luit
1548 4745 1719 4819 adJndicata
1741 4758 1812 4816 pos-

103 4842 204 4906 sisset,
221 4837 291 4892 licet
304 4852 357 4908 per
372 4834 510 4893 eumdem
532 4836 781 4909 predecessorem
795 4846 931 4896 nostrum
986 4842 1091 4908 sessio,
1107 4839 1183 4896 datis
1199 4837 1422 4893 exsecutoribus
1444 4836 1495 4908 qui
1510 4853 1576 4892 eam
1592 4835 1623 4890 in
1644 4833 1811 4906 possessio-

3 4983 4 5006 ,
105 4930 170 5002 ipse
183 4925 427 4998 archiepiscopus
439 4931 559 4982 vocatus
571 4925 661 4982 luerit
674 4934 706 4984 et
718 4928 836 4998 citatus,
847 4934 880 4985 ut
893 4929 932 4985 ad
987 4948 1055 4989 nem
1071 4929 1154 4986 illam
1181 4925 1376 5000 corporaliter
1395 4924 1535 4982 inducere
1559 4941 1619 4980 non
1647 4923 1812 4978 differrent.

106 5021 273 5076 itomanam
287 5013 450 5070 Ecclesiam
462 5014 795 5087 dcobjectisaccederet
808 5033 932 5091 respon·
986 5023 1120 5092 Cumque
1135 5019 1165 5074 in
1182 5019 1403 5090 possessionem
1425 5014 1567 5087 praedicta
1590 5010 1722 5068 Ecclesia
1736 5008 1812 5064 luis-

106 5123 206 5174 surus,
220 5103 320 5160 venire
336 5109 435 5160 tamen
451 5102 569 5160 distulit
582 5110 612 5160 et
624 5107 764 5180 neglexit,
774 5121 829 5164 nec
844 5108 932 5164 sulll-
988 5117 1033 5167 set
1060 5109 1191 5175 inducta,
1216 5104 1393 5160 venerabilis
1421 5103 1512 5160 irater
1540 5107 1643 5158 noster
1669 5095 1812 5153 Lucensis

105 5195 221 5252 cientes
236 5193 351 5250 curavit
373 5191 501 5265 dirigere
524 5195 733 5267 responsales;
750 5212 817 5252 cum
842 5198 933 5254 etiam
988 5201 1145 5273 episeopus
1167 5201 1281 5270 partem
1305 5191 1503 5266 possessionis
1529 5190 1611 5246 illius
1638 5187 1812 5256 tractusque

105 5287 170 5357 ipse
184 5283 427 5354 archiepiscopus
450 5281 625 5354 prodictam
649 5286 796 5342 decanum
818 5286 855 5343 ad
871 5289 932 5345 llo-
988 5294 1143 5366 perceptos
1159 5285 1215 5343 sibi
1238 5284 1366 5339 retinere
1391 5280 1590 5354 praesumpsit,
1605 5277 1676 5333 lieet
1690 5280 1813 5330 senten·

107 5389 227 5430 menam
243 5371 408 5428 Ecclesiam
423 5371 617 5444 appellaverit
627 5379 656 5430 et
670 5375 707 5430 ab
723 5392 757 5432 eo
772 5376 862 5432 luerit
876 5395 933 5450 ap·
989 5387 1036 5442 tiae
1052 5381 1158 5438 fuisset
1173 5377 1318 5431 insertum
1344 5370 1423 5444 quod
1437 5369 1515 5426 lacta
1535 5366 1720 5424 restitutione
1748 5363 1813 5436 ple·

107 5463 248 5536 peltatas,
260 5460 339 5518 etab
355 5465 481 5532 atroque
493 5461 703 5533 appellationis
718 5468 933 5539 prosequenda
989 5473 1083 5539 ucria,
1112 5467 1148 5523 de
1169 5479 1259 5522 causa
1282 5459 1473 5534 proprietatis
1503 5457 1659 5525 acciones.
1682 5451 1814 5509 Ecclesia

107 5552 256 5610 terminus
277 5551 470 5608 constitutus.
492 5551 567 5617 Quia
588 5569 657 5609 vero
686 5557 861 5627 sepedictus
883 5558 935 5615 de-
988 5557 1192 5636 ccsponderet.
1217 5554 1316 5623 Nuper
1333 5565 1402 5605 vero
1417 5547 1497 5602 idem
1522 5547 1628 5602 lucen.
1656 5544 1812 5616 episcopus

107 5641 253 5703 canusia
276 5639 475 5716 exspectando
503 5640 583 5714 opud
608 5659 664 5702 nos
689 5661 803 5706 morem
828 5649 934 5708 iecisse
989 5653 1027 5714 ad
1047 5649 1191 5709 dilectum
1214 5641 1310 5698 lilium
1334 5640 1367 5696 G.
1384 5636 1483 5694 saneti
1504 5633 1609 5709 angeli
1632 5634 1708 5692 diae.
1729 5630 1810 5688 card.
