3972 6068
217 271 270 324 rra
706 267 909 323 mnooanrn
926 266 965 320 111
983 263 1038 319 rr.
1058 262 1294 320 nucusronna
1313 265 1379 320 cra.
1399 265 1434 320 n.
1876 273 1925 325 no
1961 257 1962 326 l

570 392 686 451 CCXVI.
1053 399 1083 464 Α
1098 388 1157 444 tius
1167 389 1306 474 Ecclesiae
1317 391 1739 462 armenioromuliusvestrae
1752 401 1868 452 sanctos
1879 398 1926 451 Ec·
1961 415 1962 430 ¹

250 496 465 539 uacaraerscoeo
492 496 662 550 uocuurrno,
694 497 823 539 serseoro
853 497 1002 540 marnnnsr.
1097 477 1207 546 clesioa,
1223 496 1289 550 quaa
1306 485 1351 536 est
1363 479 1594 537 tundamentum
1617 482 1691 555 legis
1713 484 1806 539 totius
1823 485 1923 540 Chris-

217 573 251 629 ul
265 572 417 643 abtnjusto
439 575 466 625 at
493 569 593 626 illicito
611 572 770 643 juaasoeoto
798 571 925 628 cononici
944 571 1041 628 llerht·
1095 565 1251 626 tianitatis.

459 660 584 731 polenses
602 661 789 720 absolvantur,
1129 655 1233 712 Sciatis
1255 654 1335 728 quod
1357 673 1412 713 nos
1436 658 1662 732 archiepiscopi,
1687 660 1839 734 episcopi,
1861 681 1923 734 pre-

369 749 527 825 (Laterani,
543 767 591 806 vrn
605 750 670 806 Kal.
690 750 882 821 Decembris.)
1093 744 1205 818 sbyteri
1221 750 1251 800 et
1265 745 1366 802 clerici
1382 763 1502 804 oramus
1515 749 1616 805 lesum
1631 750 1795 814 Christum,
1813 753 1924 824 quiesi

250 838 388 896 Officium
399 838 614 896 creditaenobis
625 840 892 906 administrationis
906 837 1039 912 exposcit
1092 839 1181 906 caput
1191 835 1325 890 omnium
1341 841 1534 903 nostrum‚1¹l
1549 843 1645 894 servet
1655 855 1706 894 VOS
1716 845 1876 896 uiveslrus
1891 843 1923 898 ab

210 934 317 985 utnon
333 928 430 985 solum
441 929 624 1002 corrigamus
635 944 670 986 ea
680 946 745 1001 quae
756 945 913 1003 perperam
926 929 1039 984 fuerint
1091 922 1231 979 omnibus
1241 923 1348 980 malis:
1364 926 1435 996 quia
1449 943 1517 982 cum
1532 943 1593 996 vos,
1605 927 1656 997 qui
1672 928 1744 983 estis
1761 935 1869 1001 caput,
1884 949 1923 986 es·

209 1021 365 1088 attentata,
375 1035 477 1075 verum
489 1019 578 1075 etiam
590 1018 658 1075 illos
671 1019 722 1091 qui
735 1024 839 1075 contra
852 1017 1037 1075 ecclesiasti·
1092 1011 1129 1066 iis
1142 1011 1318 1082 incolumes,
1331 1030 1397 1083 nos,
1408 1015 1458 1086 qui
1476 1031 1578 1072 sumus
1590 1032 1709 1088 corpus,
1721 1017 1803 1074 bene
1816 1020 1923 1075 valebi-

210 1123 276 1164 oom
291 1107 480 1164 honestatem
492 1113 521 1164 et
531 1113 701 1164 sanctorum
712 1110 833 1164 Petrum
848 1107 1038 1163 constitutio.
1091 1115 1157 1155 mus
1167 1116 1222 1172 per
1230 1107 1358 1157 vestram
1369 1101 1621 1160 benedictionem.
1631 1105 1923 1174 Noveritisdomine,

209 1211 264 1252 nes
279 1198 478 1253 temeritatem
494 1214 578 1253 suam
598 1213 659 1253 non
682 1201 819 1253 metuunt
833 1211 981 1265 exercere,
998 1211 1035 1251 na
1090 1190 1169 1262 quod
1184 1190 1222 1260 ad
1237 1209 1293 1248 nos
1308 1193 1390 1248 venit
1405 1193 1528 1264 nobilis,
1539 1194 1660 1266 sapiens
1676 1200 1705 1252 et
1719 1196 1867 1254 sublimis
1881 1215 1923 1254 ar·

211 1283 554 1357 impunitasnocentium
565 1286 662 1358 pariat
670 1285 889 1358 delinquentes,
900 1283 1035 1341 animad·
1089 1278 1296 1353 chlepiscopus
1306 1283 1507 1356 Magantiaus:
1520 1284 1569 1356 qui
1580 1283 1667 1340 nohis
1678 1285 1781 1342 attulit
1792 1303 1834 1342 ex
1844 1295 1922 1360 parte

209 1373 346 1431 versione
360 1373 685 1448 dehitapuniamus,ed
694 1373 875 1432 audientiam
886 1373 1034 1446 siquidem
1088 1367 1140 1423 Dei
1156 1374 1186 1425 et
1199 1376 1325 1441 exparte
1337 1370 1530 1427 sublimitatis
1541 1373 1680 1429 Ecclesia
1694 1376 1844 1432 itomanae
1856 1383 1922 1434 etex

209 1465 394 1536 apostolatus
408 1464 505 1521 nostri
520 1464 654 1536 peruenit
669 1463 749 1538 qood
763 1465 793 1519 G.
811 1462 962 1536 quondam
973 1461 1034 1518 llil·
1087 1462 1171 1530 parte
1180 1461 1476 1533 magniimperotoris
1485 1463 1922 1533 Romanorumsublimemco·
1961 1471 1962 1474 ’

209 1551 360 1610 dernensis
368 1554 606 1627 episcopus,cum
615 1553 860 1626 llerhipolensem
870 1551 1033 1608 Ecclesiam
1086 1563 1192 1604 ronam
1202 1555 1232 1606 et
1242 1551 1395 1607 coronavit
1405 1568 1505 1626 regem
1516 1558 1654 1608 nostrum
1665 1553 1809 1628 Leonem,
1828 1563 1861 1612 et
1874 1575 1924 1614 no-

207 1645 319 1699 temere
333 1647 519 1714 occupasset,
529 1643 608 1698 inter
618 1642 677 1698 alia
687 1659 752 1714 qum
763 1641 1033 1698 nimiatemeritate
1085 1633 1132 1692 bis
1142 1636 1272 1694 reddidit
1282 1655 1423 1696 coronam
1436 1657 1527 1712 quam
1537 1657 1593 1696 nos
1603 1641 1792 1714 perdidimus
1804 1661 1826 1700 a
1836 1645 1922 1720 longo

207 1730 315 1788 ductus
328 1732 467 1804 nequiter
479 1731 635 1787 attentarit
646 1730 722 1802 (106)
746 1745 764 1786 a
785 1728 937 1785 canonicis
952 1727 1032 1800 ejus-
1048 1761 1075 1826 B
1089 1729 1233 1798 tempore,
1248 1727 1326 1784 unde
1342 1745 1397 1785 nos
1413 1729 1525 1786 luimus
1546 1729 1674 1804 elongati
1689 1747 1707 1787 a
1723 1732 1810 1790 vobis
1827 1741 1860 1791 et
1873 1753 1922 1791 nos

208 1819 276 1877 dem
292 1819 662 1893 llerhipolensisEoclasiae
676 1818 766 1892 exigit
780 1822 889 1890 utpost
901 1817 966 1889 ejus
980 1816 1034 1872 ob·
1088 1816 1256 1887 recepimus
1271 1833 1337 1873 eam
1353 1817 1482 1874 libenter
1497 1823 1606 1896 etcum
1622 1835 1729 1893 magno
1745 1823 1922 1894 gaudi03et
1961 1831 1962 1852 l

207 1909 283 1965 itum
292 1909 416 1966 familie
426 1926 486 1965 sue
495 1908 553 1964 duo
564 1908 660 1964 millia
668 1908 857 1964 marcharum
868 1922 899 1962 se
908 1906 1033 1978 promit·
1087 1902 1269 1962 inclinamus
1283 1911 1312 1962 et
1327 1906 1522 1980 regratiamus
1533 1909 1592 1964 Deo
1608 1913 1638 1964 et
1650 1915 1761 1966 sanctae
1779 1913 1920 1970 Romane

209 2001 308 2054 terent
321 1996 482 2066 soluturos,
508 2002 537 2053 et
560 1996 596 2054 ab
622 1996 665 2052 eis
683 1996 889 2068 juramentum
905 1994 1034 2051 obtinuit
1087 1992 1226 2049 Ecclesia
1238 1995 1335 2051 etalto
1346 1994 1519 2069 imperatori
1531 2000 1920 2070 Romanorumsciatisdo·

209 2086 290 2159 quod
304 2091 466 2160 antequam
478 2086 538 2143 ille
550 2086 679 2142 marche
693 2085 878 2142 solverentur
891 2083 952 2141 illis
967 2082 1035 2156 qui·
1088 2081 1179 2150 mine,
1192 2083 1270 2154 quod
1281 2083 1344 2156 ipse
1355 2084 1442 2141 nobis
1457 2087 1635 2142 monstravit
1646 2092 1744 2144 vestra
1756 2098 1919 2164 praecepta,

211 2174 267 2232 bus
282 2177 346 2248 ipse
360 2174 489 2248 persolvi
503 2174 658 2232 mandaret
677 2173 841 2231 successori
856 2173 921 2245 ejus
935 2171 1034 2234 nulla·
1089 2175 1180 2226 etnos
1191 2173 1361 2229 eamnltum
1372 2173 1501 2231 libenter
1510 2174 1677 2233 audivimus
1690 2177 1921 2236 etlihenterro-

207 2268 295 2322 tenus
309 2263 466 2320 obedirent
476 2281 483 2332 ;
496 2263 712 2336 subsequenter
721 2263 811 2319 etiam
822 2276 981 2334 suggerens
991 2261 1034 2316 eis
1087 2256 1187 2315 lamus
1196 2259 1292 2334 legem
1300 2262 1551 2320 etlraternitotem
1559 2264 1694 2321 sublimis
1705 2266 1858 2324 Ecclesiae
1869 2273 1920 2326 lio·

210 2353 290 2426 quod
309 2369 362 2425 pro
387 2353 576 2410 successione
600 2351 822 2424 uerbipolensis
846 2351 1033 2424 episcopatus
1087 2365 1195 2418 manaa,
1207 2367 1272 2422 quae
1283 2355 1330 2407 est
1339 2356 1434 2408 mater
1442 2353 1576 2409 omnium
1588 2353 1791 2412 Ecclesiorum
1804 2375 1813 2425 ;
1827 2364 1860 2414 et
1870 2376 1919 2414 nos

208 2442 330 2516 quidam
345 2443 568 2515 conspirassent
588 2443 621 2499 in
644 2447 771 2499 mortem
787 2441 879 2510 illius,
895 2441 1033 2498 similiter
1088 2438 1257 2495 solebamus
1273 2455 1337 2495 eam
1352 2440 1473 2510 hahere,
1486 2446 1516 2498 et
1528 2458 1609 2499 nunc
1625 2458 1690 2499 earn
1705 2443 1879 2516 habemus;
1895 2456 1918 2502 et

205 2531 366 2606 postulavit
379 2533 417 2590 ah
432 2533 486 2602 eis,
497 2537 531 2589 ut
545 2531 643 2590 eidem
658 2532 805 2605 eligerent
817 2547 1031 2588 successorem.
1086 2525 1216 2584 libenter
1229 2528 1366 2586 volumus
1382 2546 1446 2586 asse
1461 2529 1498 2586 ad
1514 2535 1645 2588 vestrum
1671 2534 1876 2604 mandalum3
1894 2543 1917 2592 et

204 2622 295 2694 Cujus
309 2621 448 2695 petitioni
463 2622 599 2678 canonici
610 2626 789 2687 annuentes,
801 2619 840 2677 ad
855 2619 1032 2677 electionem
1087 2615 1213 2672 tirmiter
1228 2621 1298 2673 sunt
1314 2617 1351 2674 ad
1365 2617 1539 2676 mandatum
1552 2626 1681 2677 vestrum
1696 2638 1806 2680 omnes
1822 2627 1917 2682 archi·

204 2712 376 2785 huJusmodi
389 2712 557 2769 faciendam
572 2711 668 2770 sexdo
680 2713 741 2768 suis
756 2711 955 2769 confratribus
970 2711 1032 2767 ele·
1086 2705 1209 2777 episcoi,
1220 2705 1352 2780 episcopi
1368 2713 1398 2764 el
1410 2709 1508 2764 omnis
1524 2709 1622 2766 clerus
1637 2716 1747 2766 noslrae
1764 2713 1915 2775 Ecclesia.

203 2805 319 2874 gerunt.
330 2801 461 2868 Quicum
472 2799 735 2858 hlonasteriensem
745 2801 918 2874 episcopum
928 2799 1032 2873 elegis·
1086 2796 1223 2867 quisunt
1242 2797 1275 2853 in
1298 2796 1401 2854 multis
1423 2799 1511 2854 terris
1541 2805 1569 2855 et
1587 2805 1657 2856 sunt
1681 2801 1771 2857 multi
1795 2821 1856 2876 per
1870 2806 1915 2862 Dei
1961 2818 1962 2877 (

204 2893 282 2957 sent,
297 2888 438 2961 prelatus
463 2889 493 2944 C.
509 2887 580 2946 iecit
603 2889 762 2946 canonicos
776 2889 858 2962 ipsos
877 2889 963 2945 tactis
978 2905 1030 2946 sa·
1085 2885 1221 2957 gratiam.
1238 2887 1274 2942 Et
1287 2903 1342 2942 nos
1357 2903 1496 2960 rogamus
1520 2905 1569 2944 vos
1589 2893 1621 2944 ut
1643 2890 1734 2945 oretis
1750 2891 1853 2948 Deum
1869 2911 1916 2965 pro
1961 2879 1962 2956 l

204 2979 368 3034 crosaactis
385 2977 729 3050 EvangeliisJuramento
741 2978 861 3034 ssrmare
877 2977 956 3050 quod
970 2977 1031 3034 ele·
1085 2973 1184 3042 nobis,
1200 2974 1273 3046 quia
1287 2991 1341 3031 nos
1353 2991 1456 3030 sumus
1469 2975 1559 3031 inore
1571 2976 1708 3033 droconis
1725 2983 1755 3034 et
1770 2979 1803 3036 in
1821 2983 1918 3038 medio

205 3065 295 3122 ctioni
301 3066 366 3140 jam
377 3065 464 3123 dicte
474 3065 557 3122 nullo
571 3082 703 3138 unquam
719 3071 852 3138 tempore
863 3067 1026 3123 obviarent.
1085 3061 1278 3120 inimicorum
1290 3063 1387 3120 crucis
1398 3069 1428 3119 et
1440 3064 1520 3120 inter
1530 3080 1580 3120 eos
1591 3065 1642 3136 qui
1656 3071 1726 3122 sunt
1736 3071 1919 3126 naturaliter

204 3156 349 3222 Quoniam
361 3156 451 3230 igitur
460 3161 521 3212 tam
533 3171 687 3213 enormem
697 3156 960 3228 praesumptionem
971 3173 1027 3213 nec
1082 3151 1199 3212 inimici
1214 3152 1318 3208 nostri.
1329 3154 1364 3208 Et
1379 3168 1433 3208 nos
1447 3169 1498 3208 vos
1511 3169 1650 3226 rogamus
1661 3171 1717 3227 per
1727 3156 1828 3212 Deum
1846 3176 1917 3230 qua·

203 3259 362 3316 possumus
377 3260 433 3301 nec
447 3243 590 3300 debemus
606 3243 660 3300 sub
675 3241 913 3300 dissimulatione
928 3248 1027 3301 trans-
1079 3245 1166 3297 tenus
1181 3239 1267 3297 nobis
1282 3241 1407 3298 mittatis
1422 3241 1480 3297 tale
1495 3242 1678 3315 adjutorium
1692 3250 1722 3299 et
1737 3245 1799 3302 tale
1817 3250 1916 3304 consi-

203 3330 258 3400 ire,
273 3332 451 3388 iratemitati
462 3336 520 3388 tuos
532 3348 586 3404 per
600 3330 763 3406 apostolica
777 3331 887 3404 scripta
902 3332 1026 3388 manda·
1079 3328 1814 3404 liumquodnospossimusconservarehonorem
1829 3337 1916 3394 Deiet
1961 3342 1962 3356 ¹

202 3427 366 3494 musatque
375 3420 564 3494 precipimus
574 3425 732 3493 quatenus,
745 3420 770 3476 si
780 3421 1026 3493 premissisveri·
1081 3418 1312 3475 Christianitatis
1327 3424 1357 3476 et
1369 3422 1508 3476 restrum.
1526 3420 1600 3487 Quia
1614 3427 1778 3493 postquam
1792 3441 1855 3480 nos
1871 3443 1914 3482 su·

201 3499 248 3566 tas
258 3509 776 3584 suffragatorpmnlcontradictione
787 3515 817 3566 et
827 3508 1026 3583 appellatione
1082 3524 1150 3566 mus
1165 3508 1255 3564 vestri
1270 3512 1299 3564 et
1314 3525 1364 3565 vos
1390 3509 1462 3565 estis
1486 3525 1636 3566 memores
1651 3511 1756 3580 nostri,
1775 3513 1914 3571 efficiatis
1961 3493 1962 3538 l

201 3601 376 3674 postposita,
392 3603 567 3658 auctoritate
581 3607 684 3657 nostra
703 3600 845 3674 predicta
855 3601 1029 3674 juramenta
1082 3601 1198 3654 tantum
1213 3613 1283 3671 erga
1293 3613 1359 3667 nos,
1371 3597 1452 3671 quod
1465 3615 1519 3654 nos
1534 3599 1646 3672 gratias
1661 3600 1835 3658 reseramus
1851 3606 1917 3668 Deo,

203 3695 345 3762 tanquam
358 3690 464 3747 illicita
478 3691 637 3746 denunties
650 3706 712 3745 non
723 3695 870 3758 tenere,et
882 3690 943 3747 illis
953 3707 1028 3762 quos
1083 3687 1135 3757 qni
1148 3704 1203 3742 nos
1218 3686 1346 3744 redemit
1356 3688 1499 3761 sanguine
1511 3705 1565 3744 suo
1580 3689 1697 3761 etquod
1707 3692 1842 3763 gratiam
1853 3711 1915 3767 aga·

204 3778 244 3833 ihi
264 3779 431 3836 constiterit
453 3779 552 3835 taliter
571 3777 729 3850 juravisse,
752 3776 789 3834 de
812 3778 924 3834 illicitis
942 3779 1028 3850 jura·
1083 3793 1151 3832 mus
1166 3781 1276 3832 sancte
1291 3777 1371 3832 cruci
1395 3777 1514 3833 Domini
1541 3777 1646 3848 nostri,
1662 3779 1713 3850 qui
1729 3779 1804 3835 lecit
1821 3785 1913 3838 totum

204 3868 313 3924 mentis
326 3867 503 3942 condignam
527 3867 735 3940 poenitentiam
751 3872 781 3922 et
795 3865 1029 3923 satisfactionem
1083 3863 1334 3930 mnndum,lesus
1349 3864 1481 3919 Christus
1497 3864 1637 3920 defendat
1647 3881 1697 3920 vos
1708 3873 1738 3921 et
1749 3883 1915 3924 omnesne-

205 3956 353 4032 injnngas.
368 3960 396 4015 Si
414 3959 465 4031 qui
488 3974 557 4015 vero
580 3956 820 4019 contralormam
837 3958 926 4030 huJus
943 3973 1030 4014 man·
1084 3958 1161 4008 stros
1176 3952 1212 4008 ab
1228 3953 1310 4009 omni
1324 3952 1403 4010 malo
1419 3958 1450 4008 et
1463 3953 1549 4009 nobis
1574 3953 1624 4009 det
1641 3959 1771 4010 vestram
1785 3955 1914 4014 henedi-

205 4046 267 4104 dati
282 4048 377 4104 nostri
400 4047 454 4102 tihi
479 4047 619 4104 duxerint
641 4045 852 4114 resistendum,
868 4063 919 4103 eos
934 4045 1030 4103 ecclc·
1084 4041 1225 4097 ctionem.

139 4192 141 4200 ,
205 4136 492 4194 siasticaseveritate
507 4135 687 4208 compellere
702 4135 904 4191 nonomittas.
1422 4131 1563 4186 ccxvul.

240 4227 346 4283 Datum
357 4225 504 4294 Laterani,
515 4241 562 4281 arn
575 4223 638 4280 Kal.
652 4222 833 4279 Decembris.
1239 4236 1374 4276 aascoaro
1393 4236 1544 4276 caraocrco
1564 4235 1755 4277 aaasnroauu.

551 4312 682 4369 ccxvu.
1263 4311 1414 4381 Responde
1437 4311 1574 4380 superiori
1599 4310 1729 4380 epistole.

203 4419 326 4461 urrrsam
359 4422 497 4462 rronnrrsn
530 4417 738 4460 remonstrare
768 4417 802 4456 nn
832 4417 968 4461 anuanrco
1001 4421 1029 4460 rn
1246 4398 1403 4470 (Laterani,
1420 4416 1448 4455 rx
1467 4398 1530 4455 Kal.
1553 4398 1747 4470 Decembris.)

236 4507 367 4562 narrans,
401 4511 476 4559 onan
509 4507 676 4550 consonans
712 4506 891 4548 amuranus
921 4499 1068 4564 nouraol)
1119 4487 1162 4542 Ex
1171 4502 1205 4542 eo
1214 4487 1417 4545 teradicatum
1427 4488 1458 4543 in
1467 4487 1526 4544 ilde
1536 4488 1683 4545 catholica
1692 4494 1798 4544 etesse
1809 4491 1915 4548 Gotho

239 4597 319 4636 rare
337 4599 500 4639 transcurro
519 4596 687 4638 oasrrravrr.
1082 4574 1175 4632 licum
1190 4583 1326 4634 nontam
1348 4578 1470 4635 nomine
1492 4593 1582 4649 quam
1602 4577 1708 4634 merito
1726 4580 1914 4650 experimur,
1961 4583 1962 4612 ³

362 4673 400 4725 Dc
426 4672 600 4726 coronatione
624 4671 696 4740 repis
721 4671 865 4725 amoenis.
1083 4665 1162 4736 quod
1176 4667 1346 4738 apostolice
1362 4667 1442 4724 sedis
1459 4667 1662 4740 magisterium
1678 4681 1912 4740 recognoscens,
1961 4703 1962 4712 .

240 4757 426 4830 (100))161115,
443 4759 493 4830 qui
509 4759 580 4813 estis
596 4763 685 4829 caput
698 4763 766 4829 post
778 4759 937 4825 Christum,
955 4777 1026 4816 con·
1082 4771 1148 4812 eam
1157 4756 1498 4814 Ecclesiammomnium
1508 4762 1633 4814 matrem
1643 4763 1841 4830 etnoscaput
1852 4763 1914 4816 uni·

204 4845 311 4901 secreti
326 4845 361 4901 ab
373 4861 407 4901 eo
418 4852 448 4902 et
457 4845 708 4918 caputoatholicos
720 4846 859 4902 Ecclesiae
874 4849 1025 4917 Romane,
1081 4861 1233 4902 versorum
1242 4845 1375 4902 ildelium
1384 4846 1549 4913 conssteris;
1561 4845 1638 4902 sicut
1647 4861 1683 4901 ex
1692 4849 1812 4902 tuarum
1823 4849 1913 4904 nohis

203 4934 308 4990 matris
332 4935 466 4990 omniura
487 4933 696 4995 Ecclesiarum,
722 4933 795 4989 adeo
819 4934 981 5007 prudentes
997 4943 1026 4993 et
1080 4933 1212 4990 innotuit
1225 4934 1488 4992 sericlitterarum.
1500 4934 1580 4992 Nosti
1592 4933 1702 4990 etenim
1718 4934 1912 5010 privilegium
1961 4967 1962 4984 .

203 5023 298 5080 sancti
315 5023 394 5096 quod
408 5022 523 5080 debetis
538 5038 603 5078 esse
623 5022 654 5076 in
670 5020 736 5077 loco
756 5023 959 5093 apostolorum
974 5041 1025 5082 sn·
1080 5023 1170 5092 Petri,
1182 5023 1262 5094 quod
1277 5024 1333 5080 sibi
1349 5025 1492 5080 Dominus
1516 5025 1669 5080 universas
1682 5039 1750 5080 ores
1766 5041 1840 5081 suas
1856 5043 1910 5099 pas
1961 5011 1962 5070 ἶ

202 5111 304 5170 blimis
318 5127 406 5186 papa,
422 5117 452 5168 et
465 5111 548 5168 robis
570 5107 680 5167 sanctis
702 5109 946 5185 archiepiscopis,
961 5115 1025 5186 epi·
1079 5111 1199 5180 candos,
1214 5113 1356 5170 vocabulo
1371 5115 1457 5170 tertio
1472 5113 1609 5185 repetito,
1625 5113 1786 5182 commisit,
1811 5117 1909 5178 Posce,

202 5203 310 5274 scopis,
325 5201 537 5268 cardinalibus,
549 5187 741 5272 preshyteris,
753 5197 870 5255 clericis
884 5207 914 5256 et
927 5204 1023 5258 omni·
1078 5201 1229 5273 inquiens,
1243 5219 1302 5260 ovas
1316 5219 1387 5260 meos
1410 5204 1501 5274 (loeo.
1525 5218 1584 5273 xxi,
1608 5205 1664 5270 l'l,)
1689 5207 1718 5258 et
1731 5219 1824 5274 super
1836 5205 1909 5260 uni-

200 5291 407 5364 busquisunt
426 5291 462 5348 de
485 5295 582 5348 restra
603 5291 706 5343 sancta
727 5287 868 5356 Ecclesia,
895 5291 1022 5348 salutem
1078 5290 1908 5364 versoseiligandietsolvendicontulitpotestatem,di·
1961 5333 1962 5342 .

200 5377 612 5437 etfraternitatem.PaxDei
632 5375 1020 5450 sitintervos.Gaaooa1us‚
1077 5396 1148 5436 cens
1162 5379 1200 5437 ad
1209 5382 1489 5453 anm20uodcuoque
1500 5381 1628 5450 ligaveris
1639 5395 1722 5451 saper
1734 5386 1842 5437 terrem
1858 5387 1909 5438 ιη’(
1961 5423 1962 5430 .

200 5466 288 5523 homo
304 5470 373 5526 lesu
388 5469 508 5538 Christi,
524 5465 716 5542 pergratiam
731 5465 783 5522 Dei
797 5467 962 5528 catholicus
976 5476 1020 5526 to·
1078 5469 1193 5539 ltootom
1207 5471 1419 5535 etincoetts;et
1434 5469 1839 5542 qaodcunqucsoloarissapcr
1854 5480 1908 5527 ter·
1961 5497 1962 5504 .

238 5590 312 5664 (106)
327 5592 398 5648 Vide
413 5611 512 5667 supra,
528 5593 615 5668 epist.
630 5591 694 5648 201.
1112 5593 1187 5668 (106)
1204 5593 1274 5650 Vide
1289 5594 1475 5668 Raynaldum
1488 5593 1526 5652 ad
1539 5609 1587 5650 an.
1606 5593 1685 5664 1106,
1701 5596 1715 5664 ξ
1731 5595 1779 5652 88.
