3952 6042
188 285 224 340 ⁶³
683 265 1016 334 ιιιιιοιιιιιιιιιιιιι.
1037 264 1399 324 monsteuranni.
1864 288 1903 341 ⁶4
1963 279 1964 284 ι

189 407 445 481 tuncapostotiiii
459 403 539 464 sedis
553 404 684 478 legatum
700 401 855 467 accedens,
871 396 909 455 ad
924 410 1015 468 quos·
1029 397 1058 461 Α

189 498 258 556 dani
282 498 397 571 ignotos
417 501 447 552 et
474 499 605 551 remotos
631 493 669 550 ab
697 491 831 550 Ecclesia
854 486 1013 586 legionen.

184 587 303 661 judices
318 586 433 642 litteras
448 583 615 656 impetravit
627 599 634 638 :
648 583 686 640 ad
700 597 827 654 quorum
843 579 1014 634 citationem

188 692 255 734 cum
271 675 430 749 legionen.
448 673 544 729 nuntii
561 673 767 739 accessissent,
786 669 877 726 latam
893 681 946 738 per
959 664 1014 764 ¹¹⁰ss

186 764 309 821 clesiam
336 761 516 819 sententiam
540 761 709 836 allegarunt
731 764 761 816 et
781 758 930 822 nolentes,
956 767 1012 810 nisi

185 853 264 910 fucta
292 851 479 908 restitutione
515 851 661 924 plenaria,
690 847 882 921 respondere,
911 842 1013 900 sedem

179 933 381 1014 'apostolicam
389 939 592 1012 appellerent,
608 955 645 996 ne
659 943 765 996 contra
778 935 933 1010 praelatam
947 947 1014 1032 sen-

186 1033 311 1088 tentiam
330 1034 432 1102 posset
447 1029 560 1101 aliquid
584 1032 736 1086 attentari.
753 1027 815 1082 Duo
829 1041 899 1083 vero
913 1039 949 1080 ex
964 1037 1013 1092 ip-

184 1117 392 1192 sisjudicibus
417 1116 616 1174 nihilominus
637 1116 833 1190 procedentes
857 1115 889 1170 ιιι
913 1125 1013 1178 causa,

185 1207 409 1282 possessionem
436 1205 698 1264 archidiaconatus
735 1205 875 1278 adjuoare
904 1203 1012 1258 lucen.

185 1297 324 1354 Ecclesia
351 1302 463 1352 temere
491 1301 758 1368 presumpserunt.
788 1292 920 1350 Ecclesia
946 1307 1014 1347 vero

186 1385 294 1442 lucen.
334 1384 465 1456 expulsis
491 1385 638 1442 ministris
668 1383 824 1456 legionen.
863 1380 1013 1480 Ecclesiae,

186 1491 256 1532 snos
271 1474 424 1530 ministros
446 1479 476 1530 et
500 1473 648 1546 quosdam
673 1473 785 1530 milites
799 1477 829 1528 in
850 1486 1015 1544 possessio-

184 1579 254 1620 nem
271 1563 398 1627 induxit,
415 1563 467 1634 qui
481 1563 662 1635 recipientes
676 1563 834 1630 Ecclesiae,
849 1566 880 1617 et
892 1576 945 1631 pro
961 1574 1015 1615 sua

183 1651 335 1710 voluntate
350 1651 429 1708 bona
444 1651 621 1725 diripientes
643 1669 757 1721 earum,
770 1651 883 1708 tructus
903 1647 1014 1705 exiliis

183 1741 294 1815 injuste
314 1741 493 1814 percipiunt,
515 1743 676 1798 canonicos
700 1742 856 1815 legianen.
888 1738 925 1796 ad
942 1753 1011 1838 pos·

184 1833 350 1888 sessionem
364 1830 539 1888 nullatenus
551 1831 692 1888 accedere
707 1831 924 1905 permittentes.
938 1828 1012 1893 Quia

184 1918 274 1992 igitur
288 1919 368 1992 quod
383 1934 436 1992 per
452 1917 556 1976 sedem
571 1925 618 1976 est
628 1919 822 1993 apostolicam
840 1917 1014 1984 diffinitum,

184 2007 297 2064 nullius
325 2007 461 2064 volumus
484 2010 650 2066 temeritate
676 2008 826 2082 quassari,
840 2006 1013 2066 discretioni
1084 2061 1088 2069 .

183 2102 288 2154 vestrm
302 2113 356 2169 per
368 2097 532 2168 apostolica
548 2099 658 2170 scripta
674 2098 850 2155 mandamus
865 2100 1014 2168 quatenus

184 2186 209 2244 si
223 2185 306 2242 vobis
321 2186 489 2264 constiterit
502 2187 656 2260 praelatani
679 2188 837 2262 legionen.
850 2184 1014 2284 Ecclesiam

182 2275 358 2332 auctoritate
379 2276 545 2348 apostolica
568 2275 659 2334 fuisse
676 2277 707 2333 in
732 2276 952 2349 possessionem
967 2290 1014 2330 in·

183 2364 315 2433 ductam,
328 2381 380 2420 vos
394 2365 505 2422 amotis
531 2366 736 2424 detentoribus
760 2367 826 2439 ejus
849 2365 945 2437 ipsam
959 2363 1015 2418 Ec-

171 2453 306 2510 clesiam
322 2453 481 2526 legionen.
507 2455 720 2512 nonobstante
747 2455 914 2512 temeritate
926 2451 1013 2526 judi-

1424 397 1545 456 Llllllll.

1106 498 1242 539 uicisrno
1261 499 1293 540 ιιι
1312 501 1460 543 rnirmsus
1484 505 1640 548 nosririnis
1666 510 1868 556 uinaosonrin-

1444 595 1518 634 rim.
1963 627 1964 634 ι

1076 661 1110 715 llt
1124 661 1251 718 scelesto
1282 665 1461 735 Tripolitanos
1489 668 1627 727 ecclesium
1654 673 1688 729 dc
1711 676 1820 748 Nepbin
1845 697 1910 736 una

1105 748 1189 859 cumi
1204 733 1326 804 decimis,
1364 738 1452 808 juata
1488 739 1624 798 decretum
1652 749 1792 818 pentilus
1831 755 1908 808 resi-

1105 819 1198 874 guen.

1397 898 1564 960 (lateranil.

1106 991 1146 1047 lia
1161 990 1269 1064 quibus
1284 994 1446 1066 apostolica
1463 998 1547 1056 sedes
1569 1018 1692 1060 manum
1708 1003 1906 1067 diffinitionis

1069 1080 1202 1153 apponit,
1217 1080 1296 1137 illius
1322 1082 1457 1142 volumus
1481 1087 1628 1148 firmitatis
1653 1093 1813 1154 stabilitate
1837 1099 1906 1155 lul·

1069 1168 1133 1236 ciri,
1154 1173 1187 1224 ut
1201 1168 1276 1224 nulli
1300 1169 1390 1229 liceat
1404 1172 1434 1230 iu
1459 1179 1632 1250 scrupulum
1654 1186 1829 1254 quaesticnis
1845 1188 1903 1245 de-

1070 1256 1177 1313 ducere
1193 1259 1270 1332 quod
1288 1265 1376 1318 tantae
1390 1263 1468 1320 sedis
1484 1271 1528 1322 est
1549 1271 1724 1330 auctoritate
1740 1280 1904 1334 statutum.

1069 1346 1144 1402 Sane
1161 1349 1348 1406 venientibus
1363 1351 1399 1407 ad
1415 1358 1604 1425 praesentiam
1629 1367 1762 1420 nostram
1778 1365 1905 1423 dilectis

1069 1433 1141 1490 tiliis
1154 1437 1264 1492 nostris
1280 1438 1307 1493 S.
1320 1439 1418 1511 priore
1430 1445 1524 1500 sancti
1541 1447 1692 1506 llicbaelis
1705 1457 1735 1508 et
1749 1456 1906 1512 aimerico

1068 1525 1210 1582 canonico
1236 1526 1409 1599 Tripolitan·
1426 1534 1539 1591 nuntiis
1561 1534 1655 1610 ipsius
1671 1541 1809 1600 Ecclesiae
1833 1545 1905 1600 Tri-

1069 1612 1208 1685 politanas
1225 1620 1254 1671 et
1268 1632 1358 1690 super
1384 1620 1510 1680 ecclesia
1522 1624 1558 1681 de
1584 1627 1709 1700 Nepbin.
1728 1637 1757 1687 et
1771 1631 1906 1690 decimis

1070 1703 1142 1768 suis,
1158 1720 1191 1759 ac
1213 1705 1308 1761 tribus
1333 1709 1492 1779 casalibus,
1508 1729 1574 1785 quas
1599 1719 1755 1778 occasione
1781 1721 1904 1780 littora·

1027 1783 1053 1848 B
1068 1807 1134 1846 runi
1149 1792 1235 1848 bonai
1259 1798 1410 1854 memoriae
1426 1801 1455 1856 G.
1473 1819 1556 1876 papae
1580 1806 1807 1877 predecessoris
1824 1829 1906 1869 nos·
1963 1869 1964 1872 ,

1071 1885 1106 1936 ιιι
1123 1898 1172 1936 vos
1189 1899 1348 1957 occupasse
1373 1891 1484 1946 temere
1505 1894 1687 1966 asserebant,
1714 1905 1818 1958 contra
1844 1919 1906 1958 vos

1069 1971 1303 2044 proponentibus
1319 1978 1526 2049 questionem,
1541 1988 1600 2039 tam
1622 1985 1696 2057 ipsis
1712 2006 1801 2060 quani
1816 2008 1904 2048 nun·

1070 2059 1234 2117 tiisvestris
1250 2063 1292 2119 eis
1316 2081 1348 2121 se
1364 2070 1583 2140 opponentibus
1608 2078 1809 2136 venerabilem
1835 2081 1907 2137 lra-
1963 2103 1964 2162 ι

1069 2153 1146 2205 trem
1160 2156 1296 2208 nostrum
1322 2155 1351 2210 P.
1367 2157 1507 2216 Portuen.
1533 2163 1706 2236 episcopum
1719 2167 1746 2224 ei
1770 2168 1905 2226 dilectos
1963 2165 1964 2184 ¹

1069 2238 1146 2296 filios
1162 2241 1245 2298 Giiu.
1262 2247 1295 2299 tt.
1312 2243 1425 2303 Sancte
1441 2249 1538 2306 Mariae
1562 2257 1645 2312 trans
1658 2255 1793 2328 Tyberim
1810 2279 1905 2334 pres-

1068 2325 1204 2401 byterum
1222 2335 1251 2386 et
1265 2331 1295 2388 G.
1312 2331 1410 2390 Sancti
1432 2339 1535 2412 Angeli
1551 2340 1710 2400 diaconum
1726 2348 1805 2405 card.
1823 2367 1902 2408 con·
1963 2375 1964 2412 l

1069 2417 1213 2474 cessimus
1229 2419 1398 2479 auditores:
1415 2425 1445 2481 in
1462 2443 1587 2498 quorum
1600 2437 1759 2504 presentia
1774 2455 1841 2496 cum
1857 2441 1903 2498 ab
1963 2449 1964 2472 ³

329 2543 356 2600 d·
421 2563 426 2574 ,
520 2543 562 2598 b·
673 2545 707 2601 rd
735 2544 801 2600 dele
821 2549 937 2600 mrum
962 2557 1016 2614 per
1070 2511 1194 2580 utraque
1210 2515 1292 2580 parte
1305 2509 1530 2574 fuissetdiutius
1545 2519 1705 2594 allegatum
1721 2531 1750 2582 et
1764 2543 1800 2583 ex
1814 2529 1904 2586 fldeli

182 2549 620 2690 ἓὲιῑιιέιιριὶῗιικεῗὲιζὲιιέιιοιὲιῗιο
637 2561 672 2690 icil¹
694 2562 916 2706 posessgionem
941 2583 1015 2686 ¹dicti
1070 2593 1317 2656 ¹¹¹¹¹¹⁰¹¹⁰¹¹⁰¹¹¹⁵
1341 2617 1539 2673 supercausae
1564 2612 1904 2677 m²¹¹¹¹⁵¹¹¹¹d¹¹¹0¹¹¹a⁵
1963 2633 1964 2700 ζ

183 2719 445 2777 archidiaconatus
474 2723 652 2794 plenariam,
678 2725 755 2780 sicut
783 2724 814 2780 in
843 2721 1014 2779 authentico
1070 2691 1237 2757 appareret,
1254 2694 1320 2759 post
1334 2689 1579 2753 deliberationem
1595 2699 1728 2759 babilam
1743 2705 1822 2761 inter
1836 2707 1904 2765 lra-

183 2809 367 2864 intrumento
397 2807 468 2866 dicti
493 2812 722 2883 predecessoris
746 2812 840 2869 nostri
869 2812 1015 2868 insertum
1072 2779 1676 2887 ¹¹⁰³¹¹⁰⁵¹¹⁰⁵⁵¹¹¹⁰f¹¹¹⁵d¹¹¹3⁰¹¹¹f³¹¹¹r‘¹⁰
1700 2794 1826 2894 P⁰¹¹¹¹¹¹⁰
1843 2813 1902 2898 0¹¹·

183 2913 248 2956 esse
273 2897 355 2954 vobis
380 2899 560 2966 constiterit,
577 2901 754 2958 anctoritate
777 2900 942 2973 apostolica
965 2915 1017 2956 su·
1070 2863 1207 2919 rumdem
1242 2865 1426 2925 ¹¹⁰⁰¹⁰¹¹¹¹¹¹¹⁵
1463 2873 1624 2933 ¹¹⁰⁰¹⁰⁵¹³¹¹¹
1659 2881 1832 2954 ¹¹¹P⁰¹¹¹¹¹·
1864 2905 1901 2944 ¹¹¹

183 2984 264 3042 blato
294 2987 503 3059 appellationis
524 2989 679 3046 obstaculo
704 2989 900 3062 corporaliter
926 2987 1016 3046 redu·

182 3081 295 3145 centes,
316 3091 437 3132 causam
463 3078 654 3150 postmodum
677 3079 804 3135 audiatis
829 3085 859 3135 et
882 3078 1013 3151 appella·

1070 2967 1137 3006 eum
1161 2957 1270 3010 statum
1294 2960 1517 3026 possessionum
1541 2965 1655 3040 integre
1682 2971 1900 3046 reducendam,

1070 3056 1159 3111 quem
1176 3041 1279 3098 babuit
1304 3053 1461 3119 antequam
1482 3069 1535 3123 per
1550 3057 1748 3116 venerabilem
1772 3062 1900 3122 tratrem
1957 3085 1964 3114 t

182 3163 265 3220 tione
291 3171 406 3222 remota
429 3166 489 3222 llne
512 3166 613 3224 debito
637 3167 813 3225 terminetis.
828 3161 1048 3228 ProvidentisC
1071 3134 1205 3185 ¹¹⁰⁵¹¹¹¹m
1225 3132 1405 3191 N⁰²¹¹⁰¹¹¹¹¹¹¹
1430 3141 1687 3218 ³¹⁶h¹²¹¹¹⁸⁰⁰¹¹¹¹¹¹¹
1710 3149 1901 3212 ⁰¹d¹¹⁹⁰¹¹¹¹¹¹
1963 3149 1964 3230 ¹

183 3269 302 3325 qnoque
327 3254 465 3324 sollicite,
489 3271 527 3312 ne
553 3257 667 3326 [lamna]
688 3274 706 3313 a
729 3257 869 3331 praedicto
893 3256 1008 3331 prede·

181 3357 300 3398 cessone
324 3349 427 3400 nostro
454 3349 635 3403 sententiam
662 3345 789 3419 quibbet
817 3352 928 3405 temere
949 3349 1009 3404 rio-

179 3427 241 3488 lare
270 3440 440 3504 praesumat.
477 3435 572 3492 Nullis
596 3435 703 3493 litteris
731 3436 920 3494 obstantibus
956 3438 1007 3494 ba-

179 3538 246 3577 rum
267 3523 419 3582 mentione
444 3541 505 3582 non
527 3524 639 3594 bitin,
663 3531 719 3582 etc.
744 3525 828 3592 Quod
850 3531 873 3582 si
886 3529 1007 3593 ornnes,

183 3615 239 3666 etc.

218 3699 325 3758 Datum
350 3703 450 3760 llomae
475 3703 553 3776 apud
579 3703 720 3761 Sanctum
734 3705 867 3774 Petrum,
882 3721 919 3761 xv
940 3704 1004 3762 llal.

181 3788 258 3844 Maii.

537 3899 644 3955 txxll.

446 4012 565 4052 lutrano
585 4013 726 4054 sciscere.

178 4091 257 4155 Qiicd
272 4089 381 4146 clericos
393 4100 586 4164 presumentes
601 4097 689 4166 ipsum
714 4097 754 4152 cd
774 4097 897 4154 tibunal
919 4113 1004 4153 soecu-

216 4161 274 4216 lare
289 4163 397 4220 trabere
407 4168 496 4235 possit
518 4182 571 4237 per
590 4169 875 4225 cacommuniccticnis
898 4175 1004 4226 senter-

214 4233 281 4288 ticin
296 4249 426 4292 coercere.

530 4335 631 4392 Roniae
647 4376 654 4390 .

217 4428 308 4484 Justis
323 4431 501 4502 potentium,
516 4341 583 4500 ἑιο..
600 4333 684 4506 usgue
696 4435 735 4490 ad
747 4435 857 4493 cubum
871 4437 945 4495 illud
956 4457 1003 4496 as·

155 4565 158 4570 ,
179 4532 278 4572 sensu.
296 4518 333 4574 Ut
346 4519 472 4577 clericos
496 4527 573 4592 tuos,
590 4523 640 4595 qui
656 4529 846 4582 contumaces
871 4533 922 4584 aut
936 4529 1002 4585 ino·
1018 4537 1044 4602 D
1060 4553 1180 4610 piorem,
1198 4557 1374 4617 provesin„

177 4603 332 4662 bedientes
353 4610 530 4678 exstiterint,
552 4613 603 4684 qui
629 4616 718 4670 etiam
741 4617 770 4671 in
792 4617 1003 4675 ecclesiasticis

178 4695 276 4750 causis
291 4701 321 4751 et
335 4695 490 4754 beneficiis
506 4701 695 4758 conterendis
716 4709 743 4760 tc
758 4721 812 4778 per
827 4705 1004 4779 appellatio-

175 4800 247 4840 nem
272 4789 519 4860 presumpserint
542 4790 746 4866 adjudicium
768 4796 885 4852 trabere
909 4813 1002 4853 siecu-

176 4871 250 4941 lare,
265 4875 324 4930 uisi
340 4874 378 4931 ad
406 4878 602 4936 monitionem
622 4887 703 4938 tuam
718 4882 754 4939 ab
778 4883 825 4940 bis
839 4902 1002 4960 praisump·

174 4961 306 5020 tionibus
321 4963 461 5022 duxerint
483 4966 697 5039 desistendum,
714 4971 765 5027 tibi
782 4989 832 5030 eos
847 4973 936 5032 liceat
949 4993 1003 5050 per

176 5056 495 5112 excommunicationis
520 5061 699 5116 sententiam
723 5079 860 5118 coercere
873 5067 1002 5122 auctori-

174 5142 234 5195 tate
264 5141 317 5196 tibi
347 5151 541 5214 presentium
572 5146 768 5220 indulgemus.
792 5152 948 5222 Praeterea,
976 5156 1000 5211 si

175 5229 259 5298 quid,
273 5238 396 5288 vacante
412 5233 592 5306 sedensque
608 5235 645 5292 ad
660 5243 777 5309 tempus
797 5243 1000 5300 consecratio-

175 5315 223 5372 nis
238 5324 303 5388 tuae,
320 5321 352 5376 in
367 5322 576 5394 prejudicium
599 5329 682 5380 tuum
696 5325 752 5382 luit
766 5327 797 5382 in
814 5329 931 5388 Alisina
946 5335 999 5390 Ec·

175 5403 267 5462 clesia
282 5415 393 5466 temere
407 5417 595 5482 attentatum,
607 5413 734 5472 liberum
749 5415 789 5471 tib
817 5417 856 5474 sit
869 5420 999 5493 legitime

175 5508 321 5552 revocare.

212 5581 316 5643 ilatum
331 5585 450 5664 Romae.;

1068 3217 1163 3274 silium
1178 3218 1315 3278 abbatem
1332 3225 1437 3283 Montis
1452 3229 1555 3286 Oliveti
1575 3232 1757 3294 destinatum
1770 3257 1787 3296 a
1801 3257 1898 3298 vene-

1064 3307 1152 3364 rabili
1179 3309 1269 3366 lratre
1298 3317 1400 3370 nostro
1429 3318 1597 3388 patriarcba
1632 3326 1896 3402 Hierosolymitan.
1963 3341 1964 3414 ι

1064 3397 1220 3454 occasione
1244 3401 1376 3457 mandati
1398 3406 1627 3476 predecessoris
1642 3418 1749 3484 nostri,
1765 3420 1897 3491 praedic-

1063 3489 1161 3542 tarum
1182 3504 1282 3544 rerum
1307 3495 1456 3562 possessio
1471 3497 1555 3554 vobis
1579 3501 1748 3574 adJ'udicata
1772 3506 1891 3568 luisset.

1063 3573 1192 3646 ideoque
1208 3577 1289 3633 vobis
1305 3596 1358 3652 per
1369 3585 1532 3653 apostolica
1547 3591 1657 3663 scripta
1669 3593 1801 3653 districte
1812 3615 1893 3670 prie-

1060 3663 1198 3736 cip³endo
1214 3667 1391 3726 mandamus
1407 3679 1554 3743 quatenus
1566 3678 1653 3750 juxta
1667 3685 1746 3755 quod
1763 3690 1893 3744 estsen-
1963 3717 1964 3804 p

1060 3753 1218 3810 tentiatum
1232 3771 1250 3812 a
1264 3757 1362 3827 nobis,
1379 3765 1599 3832 possessionem
1620 3775 1679 3827 lam
1695 3773 1832 3831 Ecclesiae
1849 3777 1887 3833 de
1963 3817 1964 3828 ι

1059 3842 1203 3913 Nepbinis
1229 3861 1318 3915 quam
1338 3849 1465 3908 aliorum
1489 3870 1556 3925 qun
1581 3860 1716 3931 superins
1740 3871 1811 3920 sunt
1833 3882 1890 3922 ex·

1059 3945 1172 4001 pressa,
1187 3949 1255 3989 cuni
1280 3935 1448 4010 integritate
1472 3943 1622 4002 fructuum
1647 3965 1682 4005 ex
1706 3951 1749 4008 eis
1773 3952 1809 4008 ab
1834 3955 1890 4012 illo

1060 4022 1192 4091 tempore
1207 4029 1425 4097 perceptorum,
1447 4041 1621 4091 memoretis
1645 4038 1817 4111 Tripolitan.
1834 4045 1891 4099 Ec·

1058 4107 1167 4176 clesiia,
1184 4113 1429 4185 contradictione,
1452 4123 1608 4181 occasione
1633 4131 1662 4183 et
1684 4129 1888 4201 appellatione

1058 4199 1254 4269 cessantibus,
1270 4203 1393 4273 pecitlce
1409 4209 1606 4282 resignantes,
1623 4216 1737 4274 nnllam
1753 4220 1778 4276 ei
1795 4239 1889 4294 super

1058 4287 1161 4342 eadem
1172 4291 1536 4360 possessioneriolentiam
1548 4306 1736 4374 presumatis
1746 4309 1888 4383 cutinju-

1057 4374 1132 4430 riam
1148 4376 1296 4450 irrogare;
1309 4396 1346 4436 ne
1357 4383 1388 4437 in
1401 4400 1490 4443 causa
1500 4392 1691 4462 proprietatis
1705 4403 1886 4469 propterre-

1057 4462 1219 4522 bellionem
1230 4474 1357 4528 vestram
1363 4472 1512 4544 jacturam
1523 4481 1644 4550 possitis
1655 4483 1884 4561 incurrercgra·
1963 4511 1964 4516 ¹

1375 4569 1455 4620 ntem
1471 4583 1526 4623 nos
1540 4572 1761 4630 venerabilibus
1784 4575 1887 4634 iratri-

1057 4641 1113 4697 bus
1127 4646 1236 4699 nostris
1252 4647 1372 4717 Tyrensi
1387 4653 1611 4731 archiepiscopo
1631 4665 1662 4716 et
1683 4663 1821 4736 episcopo
1837 4666 1886 4720 Si-

1058 4729 1179 4787 donien.
1205 4735 1362 4792 mandasse
1375 4745 1417 4804 ut,
1434 4743 1458 4797 si
1474 4743 1562 4800 ultra
1574 4763 1708 4806 mensem
1724 4755 1886 4823 possessio·

1057 4835 1126 4874 nem
1141 4820 1235 4890 illam,
1252 4824 1331 4894 quod
1346 4841 1406 4884 non
1420 4831 1687 4901 ci·edimns,contra
1702 4841 1884 4899 sententiam

1057 4913 1189 4966 nostram
1214 4921 1463 4988 praesumpseritis
1489 4921 1634 4992 detinere,
1657 4927 1714 4998 ipsi
1738 4929 1785 4984 vel
1807 4929 1887 4987 alter
1963 4963 1964 4970 .

1057 5012 1170 5068 eorum,
1184 5000 1207 5056 si
1224 5002 1312 5057 ambo
1328 5006 1515 5075 nequiverint
1530 5010 1676 5070 interesse
1702 5018 1883 5075 auctoritate

1056 5093 1159 5142 nostra
1173 5089 1286 5144 suttulti
1302 5093 1474 5162 predictam
1500 5100 1662 5158 Ecclesiam
1677 5104 1713 5160 de
1729 5107 1883 5179 Nepbinis,

1056 5191 1123 5230 cum
1139 5177 1287 5249 praedietis
1303 5182 1452 5252 omnibus,
1469 5203 1530 5242 non
1554 5189 1690 5250 obstante
1714 5196 1883 5252 contradic·

1057 5265 1136 5321 tione
1150 5267 1196 5321 rel
1211 5269 1412 5340 appellatione
1436 5275 1607 5348 cujuslibet,
1624 5283 1763 5340 Ecclesiae
1778 5286 1882 5357 Tripo-

1054 5351 1295 5429 litanassignent
1306 5365 1335 5414 et
1345 5376 1411 5416 eam
1422 5362 1453 5418 in
1464 5369 1647 5438 corporalem
1660 5375 1883 5443 possessionem

1055 5443 1189 5500 oninium
1205 5447 1414 5517 predictorum
1430 5451 1583 5526 inducant,
1599 5460 1750 5529 quoslibet
1762 5468 1883 5522 contra-

1055 5529 1193 5602 dictores,
1204 5541 1372 5593 cutnostrae
1383 5543 1540 5600 sententiis
1550 5546 1713 5618 obviantes,
1729 5567 1783 5622 per
1797 5567 1881 5609 seve·

1053 5619 1793 5714 ritatemecclesiasticamappellationepostposita
1802 5657 1883 5702 coni·
