3974 6078
78 268 151 320 fO'l'f
597 257 851 316 aoatutclrus
869 259 965 316 ANNO
985 261 1018 330 V,
1037 260 1175 318 CHRISTI
1196 261 1274 316 1202.
1719 251 1788 308 1078

77 391 124 446 sis
138 387 332 445 ecclesiarum
346 385 440 441 fuerit
455 399 629 458 processum
644 383 907 457 anobis,rescripti
922 401 951 468 Α
966 385 1151 442 talitatemet
1160 383 1380 454 eleemosynam
1390 376 1788 454 permonachoslacieudam

78 479 178 534 nostri
195 477 289 534 series
306 475 419 532 indicat
431 473 592 529 evidenter.
607 473 746 528 Volentes
760 479 859 530 autem
871 474 913 546 ip·
967 479 1171 546 competenter
1198 471 1404 530 mandarimus
1432 469 1566 525 redditus
1589 467 1736 539 deputari,
1753 465 1789 520 de

79 585 148 624 sam
160 566 394 622 bathoniensem
405 562 562 620 ecclesiam
571 561 610 618 ad
621 561 848 618 similitudinem
859 579 914 618 cai·
966 563 1078 619 fabrica
1090 563 1224 620 ecclesiae
1235 568 1265 618 et
1275 561 1471 618 aedificatione
1482 559 1639 614 domorum
1652 555 1727 611 nibil
1738 571 1790 610 ex-

79 663 216 712 terarum
232 653 448 710 cathedralium
464 651 657 708 ecclesiarum
668 651 791 723 Anglirs,
804 651 911 722 inqui·
967 653 1140 724 pressimus,
1166 651 1273 724 quibus
1295 651 1400 707 eadem
1423 646 1638 704 Glastoniensis
1660 643 1791 700 Ecclesia

80 747 140 802 bus
157 748 228 802 sunt
243 743 459 798 monachorum
487 739 623 814 collegia,
639 740 780 804 ordinari,
798 740 869 811 quia
884 740 913 796 id
967 741 1095 798 maxime
1111 742 1244 799 noscitur
1258 735 1692 814 indigerenihilominusrobis
1705 749 1789 788 man·

78 851 139 908 per
154 851 210 890 nos
227 839 297 888 tuuc
311 830 540 888 commodanon
553 828 913 902 poteratexplicari,vices
968 829 1112 898 davimus,
1124 837 1156 887 ut
1171 836 1231 886 tam
1245 830 1280 885 de
1294 830 1351 898 bis,
1363 845 1452 901 quarn
1468 827 1504 884 de
1519 826 1607 882 certis
1623 821 1789 880 redditibus

81 928 205 980 nostras
220 922 312 990 vobis,
327 921 419 976 frater
434 919 582 992 episcope,
600 924 629 974 et
644 918 687 974 fili
698 918 799 986 abbas,
812 918 843 974 in
858 918 914 974 hac
968 919 1146 991 deputandis
1165 921 1203 976 ad
1226 920 1279 976 illa
1301 918 1465 976 secundum
1480 918 1552 990 (334(
1569 914 1790 987 [praedictarum

84 1019 171 1085 parte
187 1011 326 1068 duximus
342 1005 571 1066 committendas
585 1008 668 1071 (333).
689 1006 829 1062 Dedimus
845 1022 913 1078 ergo
968 1009 1167 1066 Ecclesiarum
1176 1007 1404 1066 similitudinem
1416 1007 1574 1078 disponere
1586 1003 1740 1060 curaretis.
1751 1002 1792 1056 Ne

82 1101 168 1157 robis
182 1117 236 1173 per
250 1105 367 1156 nostres
382 1097 497 1152 litteras
520 1095 552 1152 iu
576 1094 735 1162 mandatis,
751 1099 784 1149 ut
796 1111 913 1166 posses·
968 1103 1068 1154 autem
1083 1098 1161 1154 inter
1174 1098 1314 1155 eumdem
1338 1097 1509 1170 episcopum
1533 1093 1579 1149 vel
1605 1107 1794 1150 successores

82 1189 222 1247 sionibus
232 1184 632 1256 monasterii,redditibus,et
642 1182 915 1256 oneribusdiligen·
968 1187 1073 1260 ipsius,
1089 1193 1120 1244 et
1147 1188 1276 1260 priorem
1305 1192 1334 1242 et
1364 1190 1540 1242 conventum
1561 1181 1792 1246 Glastoaienses,

82 1282 146 1336 tius
160 1279 318 1352 indagatis,
331 1295 365 1334 ex
374 1276 447 1349 ipsis
456 1275 493 1332 ad
504 1292 610 1332 omnes
625 1274 820 1330 necessitates
835 1273 916 1345 prio·
970 1277 1144 1334 scandalum
1155 1277 1186 1334 in
1201 1282 1353 1350 posterum
1364 1277 1501 1346 oriretur,
1514 1271 1654 1329 ecclesias
1665 1272 1793 1326 existen·

86 1371 141 1438 ris,
154 1376 181 1424 el
192 1369 318 1425 fratrum
328 1366 440 1422 ibidem
451 1365 577 1420 Domino
590 1363 800 1422 famulantium
811 1368 841 1418 et
853 1379 916 1418 ser·
970 1371 1014 1424 tes
1023 1367 1054 1422 in
1065 1368 1304 1439 possessionibus
1313 1367 1451 1439 episcopo
1461 1361 1669 1437 assignatis,ad
1678 1361 1795 1433 episco-

84 1459 232 1514 vientium
243 1472 356 1524 eorum,
369 1454 492 1525 antiquo
504 1458 533 1510 et
543 1458 685 1508 consueto
700 1452 915 1507 monachorum
970 1471 1121 1526 pemque
1130 1460 1229 1512 autem
1239 1460 1339 1512 essent
1349 1455 1379 1510 in
1391 1451 1629 1526 possessionibus
1640 1446 1794 1504 monachis

85 1562 214 1603 numero
222 1546 253 1602 iu
264 1544 347 1600 nullo
359 1543 478 1616 penitus
489 1542 647 1608 diminuto,
659 1541 789 1597 incertis
801 1555 915 1612 posses·
971 1543 1314 1615 assignatis,statueretis
1325 1543 1361 1598 ad
1376 1542 1539 1598 monachos
1554 1536 1795 1612 pertinere,infra

88 1635 225 1692 sionibus
236 1633 380 1690 curaretis
391 1632 590 1704 provisionem
602 1623 741 1686 idoneam
752 1629 915 1702 assignare.
972 1633 1061 1688 trium
1077 1632 1227 1688 mensium
1242 1631 1372 1704 spatium
1387 1631 1529 1703 praedicta
1544 1628 1645 1688 omnia
1659 1630 1727 1699 post
1740 1641 1794 1678 su-

88 1724 134 1780 Ad
142 1723 375 1796 hospitalitatem
383 1726 412 1776 et
420 1717 918 1792 eleemosynampermonachosfa-
972 1721 1156 1793 saeptionem
1167 1721 1333 1776 litterarum
1345 1724 1525 1782 nostrarum.
1538 1716 1737 1790 appellatione
1748 1729 1794 1770 re·

89 1813 239 1882 ciendam,
251 1811 328 1868 sicut
341 1811 373 1866 in
388 1809 561 1882 hujusmodi
577 1807 711 1864 ecclesiis
733 1807 916 1874 observatur,
931 1769 957 1836 B
972 1814 1062 1877 mota,
1078 1810 1239 1866 efficaciter
1253 1809 1415 1881 impleturi.
1432 1808 1515 1873 Quod
1530 1807 1554 1862 si
1568 1807 1668 1862 forsan
1682 1818 1797 1859 memo·

89 1897 516 1974 competentesjaxtaecclesiae
524 1897 681 1954 facultates
690 1895 920 1967 redditusdepu·
973 1905 1053 1956 ratus
1067 1900 1224 1972 episcopus
1241 1899 1319 1955 infra
1333 1899 1496 1954 terminum
1514 1898 1624 1969 ipsum,
1641 1895 1797 1952 occasione

90 1997 200 2062 tentes,
212 1990 367 2046 residuum
377 1993 477 2044 autem
489 1986 920 2044 cumcaterisooeribnsvene-
972 2005 1149 2061 quacunque
1164 1989 1313 2058 detentus,
1329 1987 1374 2043 vel
1389 1987 1493 2055 nollet,
1506 1986 1552 2042 vel
1573 2001 1634 2041 non
1650 1987 1751 2056 posset
1765 1982 1797 2037 in

88 2081 178 2138 rabili
187 2079 271 2136 fratri
280 2076 589 2146 nostro,Bathoniensi
599 2081 628 2132 et
636 2075 835 2132 Glastoniensi
845 2074 920 2147 epis·
973 2078 1109 2151 angliam
1126 2078 1327 2146 transfretare,
1342 2093 1393 2133 vos
1417 2075 1613 2132 nihilominus
1628 2071 1666 2130 ad
1681 2073 1796 2128 Glasto·

89 2186 176 2241 copo,
192 2174 222 2225 et
239 2167 461 2224 successoribus
481 2167 546 2238 ejus
566 2164 757 2238 precipimus
776 2163 919 2237 applicari
972 2167 1109 2224 niensem
1133 2167 1290 2224 ecclesiam
1314 2165 1500 2233 accedentes,
1517 2169 1546 2222 et
1567 2164 1603 2220 de
1619 2163 1666 2218 his
1681 2177 1746 2234 quae
1759 2159 1797 2216 ad

90 2257 395 2329 mandantesutprior
403 2252 920 2312 secundumconsuetudinemeccle·
973 2257 1191 2313 ordinationem
1203 2257 1388 2330 pertinerent
1397 2257 1503 2327 ipsius,
1514 2260 1574 2310 tam
1585 2253 1696 2308 ibidem
1707 2265 1797 2322 quam

92 2345 428 2404 siarumcuthedrulium
441 2346 473 2400 iu
484 2343 593 2416 quibus
603 2348 673 2400 suut
683 2343 807 2415 collegia
817 2357 922 2398 mona-
974 2348 1005 2402 in
1016 2345 1201 2412 ecclesiis,ad
1210 2361 1337 2418 quarum
1347 2344 1575 2402 similitudinem
1587 2358 1652 2398 eam
1665 2339 1797 2396 ordinari

92 2433 602 2508 chorum,instituereturibidem,et
613 2431 777 2489 secuudum
785 2431 921 2488 eamdem
975 2435 1192 2504 mandavimus,
1204 2434 1377 2508 diligentius
1387 2434 1584 2506 inquirentes,
1597 2438 1657 2488 tam
1668 2431 1712 2486 rei
1728 2429 1801 2484 veri·

92 2524 343 2582 cousuetudinem
358 2527 474 2596 gereret
488 2521 621 2577 officium
636 2520 795 2594 prioratus,
806 2519 921 2576 caeteris
975 2529 1079 2592 tatem,
1096 2539 1185 2596 quam
1209 2529 1340 2579 restrum
1362 2523 1522 2580 consilium
1546 2537 1635 2593 super
1651 2518 1800 2592 expressis

92 2615 291 2672 nihilominus
302 2613 340 2670 ad
351 2610 525 2670 earumdem
537 2609 731 2666 ecclesiarum
743 2607 921 2666 similitudi·
976 2614 1113 2687 capitulis
1134 2613 1222 2670 nobis
1246 2613 1365 2686 plenius
1390 2611 1569 2679 scriberetis,
1585 2609 1754 2672 Monaobos,
1772 2611 1801 2662 st

95 2722 165 2761 nem
175 2701 417 2768 ordinatis.Quod
429 2701 453 2756 si
464 2699 566 2756 forsan
576 2699 607 2756 in
618 2699 664 2756 bis
674 2698 789 2771 aliquid
799 2697 921 2754 difficile
976 2704 1026 2776 qui
1040 2703 1076 2760 de
1087 2701 1190 2760 eedem
1203 2702 1331 2758 eeclesia
1343 2701 1463 2758 fuerant
1472 2717 1525 2773 pes
1538 2698 1675 2756 eumdem
1687 2698 1802 2770 episeo.

94 2794 178 2850 robis
193 2797 380 2860 occurreret,
398 2789 477 2862 quod
495 2789 559 2846 sine
573 2787 742 2861 apostolicas
760 2787 839 2844 sedis
853 2803 922 2859 pro·
976 2808 1047 2864 pum
1062 2791 1109 2848 rel
1119 2807 1251 2863 persuos
1260 2790 1407 2850 violenter
1417 2789 1515 2861 ejecti,
1527 2788 1586 2844 nisi
1598 2787 1755 2860 episcopus
1766 2785 1803 2842 ad

94 2883 226 2939 sidentia
238 2881 370 2954 expediri
385 2895 445 2936 non
460 2883 571 2951 posset,
588 2893 641 2950 per
650 2883 762 2934 vestras
777 2876 863 2933 nobis
874 2875 922 2930 lit·
977 2881 1244 2938 commonitionem
1258 2885 1387 2936 vestram
1402 2895 1452 2935 eos
1475 2877 1598 2934 duceret
1611 2875 1803 2942 revocandos,

97 2979 177 3029 teras
192 2971 311 3045 singula
334 2969 478 3026 curaretis
503 2967 621 3040 plenius
646 2967 795 3034 iutimare;
812 2970 854 3036 ut,
870 2981 924 3038 per
978 2970 1015 3027 ad
1030 2969 1096 3027 loca
1110 2986 1163 3026 sua
1173 2971 1342 3038 restituere,
1355 2967 1471 3024 sublato
1484 2966 1693 3042 appellationis
1704 2965 1804 3020 obsta-

95 3061 274 3120 relationem
289 3065 417 3116 vestram
433 3057 618 3114 sufficienter
631 3056 781 3128 instructi,
795 3071 846 3110 vos
858 3071 924 3127 pos·
978 3058 1045 3117 culo
1061 3059 1215 3126 curaretis,
1243 3057 1387 3116 facientes
1416 3063 1515 3114 tamen
1541 3056 1637 3113 eidem
1664 3057 1802 3128 episcopo

96 3165 197 3206 semus
211 3165 265 3222 per
279 3147 506 3220 responsionem
526 3153 658 3203 nostram
674 3162 763 3219 super
777 3143 924 3218 ambiguis
938 3129 964 3197 G
979 3149 1118 3206 satisfieri
1133 3151 1346 3221 competenter,
1363 3153 1392 3204 et
1407 3147 1607 3204 obedientiam
1623 3150 1652 3201 et
1665 3159 1803 3200 reseren-

95 3237 390 3306 redderecertiores;
400 3253 434 3294 ac
445 3253 534 3309 super
544 3235 924 3308 quibusdam,etinstruere
979 3239 1051 3296 tiam
1066 3237 1197 3294 debitam
1213 3243 1356 3309 tanquam
1373 3253 1426 3292 suo
1442 3235 1575 3308 pontiflci
1589 3233 1732 3290 exbiberi.
1747 3233 1803 3288 Eos

98 3344 150 3383 ros
175 3326 365 3399 postmodum
387 3327 559 3382 curabimus
582 3342 636 3397 per
659 3325 773 3380 litteras
795 3330 924 3379 nostras.
979 3345 1046 3384 vero
1058 3328 1108 3399 qui
1118 3326 1329 3383 temerariasin
1338 3326 1501 3382 monachos
1510 3323 1802 3395 manusinjecerant,

100 3419 172 3472 Num
189 3415 239 3471 ubi
256 3413 394 3482 diximus,
421 3413 501 3486 quod
527 3413 631 3469 eudem
656 3412 782 3469 ecclesia
805 3411 926 3468 ordina·
981 3418 1085 3474 tandiu
1099 3418 1316 3474 denuntiaretis
1328 3420 1469 3488 tanquam
1482 3414 1755 3472 excommunicatos
1768 3411 1804 3468 ab

98 3511 181 3561 retur
192 3503 229 3560 ad
240 3503 467 3560 similitudinem
478 3509 652 3558 caeterarum
662 3502 856 3558 eeclesiamm
866 3503 925 3557 An·
981 3507 1120 3564 omnibus
1136 3507 1246 3563 arctius
1263 3505 1415 3562 evitandos
1427 3525 1434 3572 3
1448 3505 1542 3561 donno
1553 3504 1648 3577 passis
1664 3502 1805 3576 injuriam

99 3595 176 3668 glis.
193 3594 225 3649 5¹¹
247 3593 356 3664 quibus
382 3596 469 3648 erant
494 3591 620 3664 0⁰llf³ttia
649 3591 874 3658 1¹1⁰11³²⁰h⁰r¹111¹2
890 3590 926 3645 de
982 3595 1188 3652 satisfacerent
1198 3599 1412 3666 competenter,
1422 3598 1451 3648 et
1463 3609 1530 3648 cum
1541 3597 1705 3648 vestrarum
1722 3589 1804 3644 testi·

100 3684 203 3740 illisel
223 3699 278 3738 nos
303 3680 518 3748 intelleximus,
534 3685 563 3736 et
587 3679 753 3753 intelligere
769 3696 819 3736 vos
831 3679 925 3735 volui·
982 3686 1084 3742 monio
1100 3683 1266 3740 litterarum
1282 3683 1318 3739 ad
1334 3682 1436 3738 sedem
1459 3681 1596 3738 venirent
1610 3679 1803 3752 apostolicam

101 3791 178 3842 mus,
195 3773 348 3844 inquibus
365 3771 518 3826 vivebatur
544 3771 710 3840 honestius,
727 3776 757 3825 et
775 3769 847 3825 ordo
863 3785 926 3826 mo·
981 3772 1165 3832 absolvendi.
1183 3773 1329 3828 Dilectum
1343 3787 1461 3844 quoque
1478 3771 1585 3840 illium,
1601 3771 1634 3826 ll.
1651 3769 1724 3840 (335)
1739 3783 1805 3824 mo-

101 3863 233 3920 nasticus
261 3859 420 3916 laudabilis
451 3863 594 3928 servatur,
625 3865 655 3914 et
680 3858 839 3915 vacabatur
864 3858 928 3931 ple-
982 3865 1111 3920 naehum
1126 3862 1374 3930 Glastoniensem‚
1389 3877 1478 3932 quem
1489 3858 1688 3934 inpraesentia
1703 3863 1806 3915 nostra

102 3953 170 4008 nius
186 3950 326 4024 operibus
340 3950 503 4006 charitatis.
520 3949 594 4015 Quia
608 3965 688 4017 vero,
704 3949 755 4005 ubi
775 3949 811 4005 ad
826 3948 928 4022 bospi-
983 3952 1197 4010 monachorum
1213 3951 1331 4024 negotia
1350 3949 1480 4006 fideliter
1503 3955 1532 4006 et
1555 3949 1681 4006 sollicite
1696 3964 1804 4020 cogno·

99 4147 268 4206 innocentii
284 4145 357 4202 locis
372 4145 469 4202 lucem
480 4144 612 4216 aliquam
629 4145 769 4218 praeferre
785 4145 928 4214 contenti,
983 4149 1082 4206 clesiae
1097 4164 1165 4204 cum
1176 4145 1368 4202 Bathonieusi
1382 4145 1520 4214 obtinuit,
1532 4145 1715 4220 suggerendo
1729 4141 1807 4215 quod

101 4237 196 4294 pauca
210 4237 245 4276 ex
261 4218 385 4278 adamo.
396 4217 458 4284 (loe.
476 4221 546 4288 cit),
562 4233 618 4274 nec
632 4234 693 4274 non
707 4234 742 4273 ex
757 4217 881 4291 Rogerio
892 4217 928 4272 de
984 4220 1149 4276 inimicitia
1160 4221 1239 4274 inter
1249 4218 1316 4274 illas
1326 4218 1459 4289 alioquin
1476 4217 1566 4290 sopiri
1579 4217 1807 4288 nequirentues

102 4291 210 4348 lloved.
227 4291 304 4362 (pag.
322 4291 385 4356 730,
402 4291 464 4357 trs,
485 4291 537 4344 790
561 4294 591 4344 et
614 4291 675 4356 792)
690 4288 812 4360 deprom
838 4295 876 4356 ta,
891 4287 928 4344 ad
984 4307 1174 4364 summopere
1189 4289 1340 4362 displicuit
1362 4289 1517 4346 monachis
1539 4287 1806 4352 Glastoniensibus,

104 4359 316 4419 declarandum
328 4364 478 4441 causent
487 4360 710 4442 aiunt,·statum,
720 4360 769 4414 hic
780 4306 927 4414 dabimus.
984 4365 1033 4446 qui
1045 4362 1191 4446 praesulis,
1204 4360 1513 4425 ambitioneavaritia,
1525 4358 1651 4429 aliisque
1663 4355 1805 4412 animivi-

103 4429 926 4502 Cseteraqumadillustrandambrstorrcamfacitseriem
986 4436 1035 4490 tris
1049 4433 1195 4500 infamati,
1203 4433 1275 4504 jugo
1290 4430 1434 4486 cervicem
1449 4429 1623 4485 submittere
1636 4427 1808 4483 reniteban-

103 4501 272 4562 necessaria
284 4500 471 4570 videbuntur,
487 4502 518 4556 in
540 4501 734 4571 sequentibus
748 4502 827 4556 notis
841 4501 925 4556 exhi·
943 4492 970 4558 D
987 4512 1044 4568 tur,
1061 4503 1104 4560 ild
1133 4503 1235 4560 sedem
1259 4501 1453 4573 apostolicam
1468 4500 1622 4572 appellant
1636 4517 1642 4567 ;
1670 4499 1807 4554 abbatem

105 4576 251 4634 bebimus.
984 4576 1040 4630 sibi
1058 4575 1182 4646 eligunt.
1197 4575 1268 4640 Rex,
1285 4573 1374 4628 modo
1390 4589 1404 4628 e
1428 4572 1538 4644 iscopo,
1551 4572 1638 4628 modo
1654 4570 1808 4627 monacbis

140 4643 315 4725 bichardus,
328 4659 380 4699 rex
395 4641 519 4716 Anglira,
533 4659 547 4698 e
560 4647 758 4726 terrasancta
768 4641 898 4706 rediens.
913 4658 930 4699 a
984 4652 1015 4703 et
1027 4645 1127 4702 abbati
1142 4644 1178 4700 ab
1195 4643 1267 4715 ipsis
1283 4644 1388 4708 electo,
1404 4589 1510 4698 iissre.
1528 4643 1597 4698 lnde
1613 4643 1723 4716 jurgia,
1740 4641 1809 4696 inde

105 4721 178 4775 duce
195 4721 320 4772 nustria
336 4730 369 4770 ca
393 4719 439 4768 tus
454 4719 483 4770 et
499 4713 624 4770 ilenrico
642 4715 811 4786 imperatori
824 4715 857 4768 Vl
869 4720 930 4770 tra·
984 4715 1539 4786 lites,controversiae,adquastandenr
1555 4714 1809 4778 dirimendashic,

105 4789 229 4858 ditus,in
240 4801 359 4842 carcere
370 4729 724 4842 detinebaturSavaricus
735 4785 854 4857 quidam
867 4790 931 4841 erat
985 4789 1036 4846 sed
1051 4788 1185 4844 nondum
1201 4787 1273 4842 satis
1294 4785 1373 4842 felici
1402 4792 1520 4854 conatu,
1537 4791 1625 4859 prout
1640 4786 1768 4842 diximus
1782 4787 1811 4838 et

105 4865 183 4920 circa
192 4857 661 4986 imlperatorem,consanguineus
671 4857 735 4930 ejus
746 4856 929 4938 etcaneella·
985 4878 1020 4916 ex
1035 4858 1229 4933 sequentibus
1241 4857 1376 4930 epistolis
1386 4857 1551 4932 apparebit,
1563 4857 1695 4931 pontifex
1710 4856 1809 4912 accin-

104 4935 166 4992 rius
181 4933 212 4988 in
253 4927 474 5000 urgundra,qu1
489 4943 507 4984 a
527 4943 594 5000 rege
607 4929 672 5002 jam
687 4929 784 4984 vincto
800 4927 931 4984 obtinuit
983 4932 1072 5007 gitur.

105 5006 308 5080 episcopatum
323 4999 513 5080 Wellensem,
539 5017 573 5055 eo
598 5000 677 5071 quod
698 5001 724 5056 ei
750 5000 859 5056 multas
874 5000 930 5054 irn-
1019 5003 1093 5076 (333)
1107 5001 1178 5059 Vide
1193 5000 1393 5074 fragmentum
1400 5001 1463 5074 jam
1477 5017 1567 5074 supra
1581 4997 1806 5056 laudatumnot.

124 5077 247 5134 enderet
260 5073 462 5128 humanitates
491 5075 520 5125 et
547 5071 699 5143 obsequia.
730 5072 766 5125 Et
787 5072 929 5142 quoniam
984 5077 1046 5130 328.

104 5097 270 5212 evellensis,
296 5142 343 5199 cui
368 5140 616 5223 moxoadjunctus
641 5143 697 5198 fuit
721 5142 929 5198 bathoniensis
1019 5145 1094 5217 (334)
1111 5144 1180 5200 Vide
1209 5143 1409 5218 fragmentum
1431 5144 1496 5218 jam
1524 5158 1614 5215 supra
1641 5140 1806 5206 laudatum,

106 5222 301 5294 episcopatus,
330 5229 391 5268 uon
421 5212 569 5268 videretur
594 5214 743 5280 sufficere,
768 5218 931 5269 cumesset
984 5219 1124 5274 notl28.

107 5291 280 5348 ambitiosus
292 5290 321 5342 et
336 5283 487 5357 prodigus,
499 5285 584 5356 petiit
599 5287 688 5340 etiam
705 5285 855 5340 abbatiam
866 5285 931 5340 Gla·
1020 5289 1094 5372 (335)
1117 5289 1227 5344 Forsan
1254 5285 1414 5359 legendum
1441 5289 1474 5342 bl.
1504 5287 1653 5344 Martinam
1682 5281 1810 5340 enimdo

108 5361 300 5426 stoniensem,
316 5357 348 5412 in
370 5372 423 5410 suo
447 5356 618 5438 episcopatu
644 5357 741 5412 sitam.
767 5355 810 5410 hd
830 5356 929 5427 impe·
983 5361 1103 5418 Suremts
1119 5363 1202 5415 vocat
1217 5356 1349 5414 adamus
1373 5358 1553 5415 monachum
1579 5373 1668 5429 quem
1696 5369 1806 5411 mona-

108 5433 213 5490 retoris
228 5445 331 5511 preces
345 5443 398 5510 rex
412 5436 613 5510 concessisse
629 5435 711 5483 areto
724 5427 849 5500 positus,
882 5443 930 5483 ar·
985 5431 1068 5488 sterii
1093 5431 1138 5486 sui
1163 5445 1283 5486 causam
1305 5431 1405 5488 Roma
1428 5443 1604 5506 procurasse
1633 5427 1707 5486 dicit
1726 5431 1802 5499 (pag.

109 5511 168 5562 tem
183 5502 265 5576 regni
280 5516 337 5566 sm,
354 5515 378 5554 sr
397 5514 440 5554 sio
464 5503 625 5572 peteretur,
641 5513 848 5558 concessurus.
890 5513 929 5554 on
984 5504 1056 5574 582).

110 5575 203 5636 multo
217 5579 294 5644 post,
309 5569 462 5627 savaricus
475 5571 619 5628 unionem
643 5568 857 5628 Glastoniensis
871 5571 929 5627 Ec-
