3956 6056
7 271 9 350 l

7 189 8 208 Ν
83 231 137 287 aar
259 187 263 192 ⁵
603 221 857 296 ronnnoarus
876 231 971 291 anno
991 231 1013 302 1,
1034 229 1172 288 cnmsrr
1192 231 1272 286 1111.
1641 213 1649 230 “
1740 238 1792 294 see

80 355 147 410 tillo
162 356 200 412 ed
214 361 348 414 nostram
363 361 554 432 praesentiam
574 365 759 434 accessisset,
776 349 908 434 conque·
923 374 953 442 A
968 354 1058 412 etiam
1072 360 1140 428 post
1158 361 1292 428 tempora
1315 357 1449 430 longiora
1472 360 1648 418 retentionis
1666 361 1796 421 debehat

7 513 8 536 1
80 461 151 501 rens
173 445 210 502 de
235 445 386 504 nobilibus
411 449 479 506 viris
503 451 534 508 0.
561 458 590 508 et
613 455 636 510 A
660 453 750 510 tratre
771 451 866 524 ipsius
881 451 911 504 et
962 445 1796 523 commodumobtinere,etU.cum]judiciumrestituto-

80 534 153 590 filiis
164 537 197 592 n.
212 535 342 594 dominis
356 537 393 593 de
409 541 512 610 Areon,
529 543 662 614 partibus
678 543 709 599 jn
721 547 824 598 nostra
832 556 909 611 prae-
962 535 1040 590 rium
1056 542 1159 592 contra
1174 536 1367 608 spoliatorem
1376 542 1492 596 tantum
1503 547 1672 614 competere
1688 542 1795 615 digno-

80 624 178 680 sentia
188 626 368 694 constitutis,
392 627 515 684 dilectos
539 629 618 687 lilios
641 636 760 687 nostros
780 631 804 686 l.
830 625 908 683 tituli
962 628 1070 680 scatur.
1084 625 1139 678 Pro
1155 623 1273 680 demnis
1290 643 1408 700 quoquc
1423 628 1515 685 illatis
1525 631 1673 686 restitutio
1689 635 1796 704 postu-

79 713 196 769 Sanctae
211 714 403 772 Pudentianae
418 721 448 772 et
468 718 499 773 G.
518 719 595 775 tituli
618 721 732 776 Sancta
757 719 855 774 Mariae
877 717 908 772 in
961 693 1016 767 leri
1039 728 1099 768 non
1120 718 1246 786 poterat,
1271 715 1373 771 sedad
1389 733 1424 774 ea
1439 716 1656 776 debebatactio
1672 735 1794 792 comper

78 807 164 858 trans
179 802 308 858 Tiberim
320 804 510 878 presbyteros
525 808 692 864 cardinales
703 807 909 880 deputavimus
963 805 1027 856 teus
1038 801 1189 858 intentari.
1201 803 1340 874 Alioquin
1351 821 1418 861 cum
1432 810 1461 862 et
1470 823 1539 880 pars
1550 808 1665 864 abbatis
1676 809 1799 866 damna-

78 891 241 947 auditores.
250 893 284 946 ln
295 909 422 963 quorum
433 897 592 966 prasentia
605 913 689 954 suum
699 897 792 953 abbas
801 911 909 968 propo·
961 889 1134 960 gravissima
1145 889 1200 944 sibi
1212 897 1388 962 quereretur
1404 893 1496 962 illata,
1512 895 1596 967 prius
1612 897 1798 954 restituenda

79 980 141 1034 suit
152 981 347 1051 questionem
360 982 438 1053 quod
451 983 565 1055 prelati
577 985 703 1053 nobiles,
715 985 799 1041 nulla
809 983 910 1054 requi·
964 977 1092 1045 ruerant,
1109 977 1132 1034 si
1148 995 1201 1050 pro
1217 979 1387 1052 hujusmodi
1400 987 1478 1038 esset
1489 984 1640 1042 restitutio
1650 985 1796 1055 facienda,

78 1068 189 1124 sitione
204 1068 369 1142 praemissa,
386 1087 478 1127 manu
493 1079 607 1130 armata
618 1078 722 1130 etcum
733 1069 910 1130 exercituad
964 1065 1799 1146 secundumtenoremrsgulamemorata.capitnlaquo-

77 1165 177 1214 castra
192 1159 366 1214 monasterii
383 1160 535 1216 Ferentilli
549 1167 579 1217 et
593 1163 663 1219 Gab.
687 1164 850 1230 venientes,
877 1160 909 1215 in
970 1171 1026 1228 que
1043 1155 1079 1210 de
1101 1157 1288 1212 restitutione
1302 1156 1439 1216 iacienda
1454 1160 1609 1233 loquentia
1625 1163 1724 1220 locum
1740 1164 1798 1222 be-

78 1246 192 1319 praedis
217 1247 403 1319 animalium,
428 1254 560 1323 segetum
579 1251 845 1319 combustionibus,
861 1265 911 1306 ca·
961 1246 1032 1304 bere
1054 1247 1085 1302 in
1106 1247 1314 1306 criminalibus
1336 1249 1521 1320 asserebant,
1538 1257 1567 1310 et
1581 1253 1700 1326 quando
1725 1255 1792 1326 quis

78 1335 234 1408 ptionibus
264 1335 429 1406 hominum,
460 1337 630 1394 homicidiis
657 1339 851 1412 perpetratis,
881 1339 911 1393 et
963 1334 1000 1391 ab
1011 1335 1178 1394 adversario
1196 1336 1391 1409 spoliaturet
1406 1356 1496 1413 super
1507 1358 1539 1397 re
1560 1343 1625 1414 ipsa
1644 1360 1703 1415 qua
1726 1361 1799 1416 spo-

79 1426 201 1483 damnis
213 1425 281 1481 aliis
294 1442 389 1500 usque
404 1425 441 1483 ed
458 1428 635 1501 quingentas
648 1428 722 1501 (153)
737 1428 828 1484 libras
855 1427 911 1482 bu·
968 1426 1057 1482 1111111
1070 1427 1168 1483 iuerat
1182 1429 1364 1484 convenitur.
1376 1431 1526 1486 Caeterum
1537 1448 1573 1488 ex
1589 1436 1672 1504 parte
1685 1431 1801 1488 abbatis

80 1531 148 1572 ceu.
163 1519 273 1586 praeter
286 1519 415 1590 stragem
428 1515 584 1573 bominum
604 1523 633 1573 et
659 1517 784 1590 injurias
799 1517 912 1588 irroga·
965 1513 1098 1584 regulam
1114 1515 1313 1574 introductam
1329 1517 1452 1591 adversa
1462 1535 1532 1592 pars
1548 1519 1580 1577 in
1596 1519 1710 1576 mutuis
1725 1519 1801 1591 peti·

80 1609 138 1673 tas,
151 1603 250 1660 damni
256 1603 343 1661 floare
351 1603 912 1679 dictumcoenobiumpraesumpserunt.
965 1601 1097 1657 tionibus
1112 1603 1328 1662 locumbabere
1341 1605 1544 1674 dicebat‚cnm
1559 1625 1657 1664 causae
1665 1608 1798 1665 vicissim

80 1695 122 1750 lle
138 1692 913 1770 quibuseteliispariterquaevelletproponereoon-
969 1694 1103 1748 tractetur
1117 1708 1177 1748 una
1196 1699 1299 1764 postea
1323 1697 1471 1752 sententia
1497 1698 1706 1755 terminantur.
1727 1698 1800 1754 Cum

81 1788 128 1838 tra
143 1783 224 1854 ipsos
241 1781 391 1856 justitiam
413 1784 469 1840 sibi
492 1784 557 1841 fleri
574 1785 752 1858 postulabat.
768 1785 821 1841 Cui
840 1785 914 1842 citra
973 1795 1041 1834 vero
1056 1796 1126 1851 pars
1140 1781 1241 1852 aliqua
1255 1799 1309 1853 per
1323 1783 1543 1842 restitutionem
1566 1786 1611 1840 vel
1626 1785 1685 1841 alio
1710 1785 1800 1842 modo

82 1871 147 1928 litis
161 1872 409 1928 contestationem
425 1873 480 1929 sub
494 1873 593 1930 torma
609 1875 793 1948 exceptionis
812 1874 870 1930 luit
884 1890 920 1930 ex
974 1870 1087 1941 aliquid
1102 1870 1159 1926 sibi
1184 1871 1285 1928 deberi
1310 1874 1451 1944 proponit
1473 1879 1502 1930 et
1525 1873 1619 1932 altera
1633 1875 1665 1930 in
1678 1873 1801 1931 modum

83 1959 207 2018 adverso
221 1977 399 2034 responsum
414 1962 574 2034 quodcum
585 1963 677 2020 abbas
686 1964 750 2035 ipse
760 1961 912 2020 nobilibus
975 1959 1157 2032 exceptionis
1181 1977 1213 2016 se
1228 1962 1335 2018 asserit
1349 1961 1508 2035 spoliatam
1522 1979 1578 2020 nec
1593 1969 1661 2020 ante
1676 1964 1801 2020 restitu-

87 2051 161 2106 viris
174 2049 205 2106 0.
223 2055 252 2106 et
265 2052 299 2106 ll.
315 2051 487 2124 promiserit
501 2052 632 2124 prestito
644 2054 816 2126 juramento
840 2051 920 2126 quod
974 2048 1089 2104 tionem
1103 2063 1187 2105 suam
1203 2049 1352 2107 ullatenus
1366 2067 1589 2124 responsuram,
1608 2051 1643 2108 de
1658 2051 1802 2108 incidenti

90 2156 144 2196 eos
166 2144 270 2196 contra
293 2156 398 2196 omnes
414 2141 551 2198 homines
566 2141 707 2215 (exceptis
722 2143 805 2199 Rom.
821 2140 920 2214 ponti-
974 2136 1126 2194 asserebat
1135 2143 1223 2194 antea
1234 2140 1483 2212 cognoscendum.
1496 2141 1569 2198 Cum
1582 2146 1682 2198 autem
1693 2157 1728 2197 ea
1738 2157 1804 2213 quae

89 2229 158 2297 lice,
173 2227 352 2302 imperatore
362 2246 397 2286 ec
407 2230 510 2304 legatis
525 2231 669 2303 ipsorum)
682 2231 720 2288 ad
729 2231 921 2288 retinendum
974 2227 1174 2298 premisimus
1196 2233 1225 2282 et
1249 2228 1308 2283 alia
1333 2227 1469 2301 quedam
1484 2230 1618 2302 predicti
1637 2229 1805 2288 cardinales

88 2318 251 2390 quodcunc
266 2319 416 2377 habehant
431 2325 461 2376 et
474 2320 667 2392 possidebant
686 2321 717 2378 in
733 2321 848 2388 nastris,
866 2318 921 2374 vil-
975 2313 1062 2371 nobis
1077 2321 1107 2372 et
1123 2315 1265 2372 iratribus
1281 2317 1393 2374 nostris
1408 2317 1538 2375 fideliter
1550 2319 1735 2387 retulissent,
1750 2334 1806 2376 nos

87 2407 127 2463 lis
141 2411 171 2463 et
183 2407 270 2464 bonis
285 2408 353 2466 eliis
365 2412 395 2465 et
406 2409 644 2480 recuperandum
666 2408 730 2464 sine
753 2407 858 2464 fraude
887 2421 922 2464 ac
975 2401 1219 2476 distinguendum
1232 2421 1296 2460 esse
1314 2405 1471 2462 credentes
1497 2413 1597 2464 utrum
1618 2407 1806 2481 spoliationis

87 2496 169 2552 malo
185 2497 316 2570 ingenio,
328 2498 352 2552 si
364 2511 467 2554 eorum
477 2496 591 2568 aliquid
606 2497 789 2565 amitterent,
801 2495 923 2568 adjuva·
976 2491 1101 2562 quaestio
1115 2491 1151 2548 ab
1163 2492 1276 2549 eisdem
1288 2493 1441 2552 nobilibus
1456 2495 1495 2551 sit
1507 2495 1624 2568 objecta
1639 2496 1670 2551 in
1685 2496 1806 2552 modum

87 2590 147 2653 ret,
169 2601 224 2658 per
245 2585 340 2658 ipsius
362 2585 465 2641 dolum
481 2589 510 2641 et
522 2585 693 2640 violentiam
708 2589 841 2642 castrum
865 2584 920 2641 Sa·
976 2580 1102 2636 actionis
1116 2579 1154 2636 ad
1169 2582 1390 2638 restitutionem
1405 2583 1577 2655 petendam,
1598 2601 1636 2640 an
1658 2584 1690 2640 in
1711 2583 1807 2640 forma

89 2675 165 2730 crati
181 2673 254 2746 (151)
270 2674 434 2730 amiserant
441 2671 647 2730 fraudulenter
655 2673 734 2745 quod
745 2678 775 2729 et
784 2672 924 2746 progeni·
976 2669 1159 2740 exceptionis
1169 2669 1207 2726 ad
1218 2671 1416 2727 intentionem
1429 2671 1591 2728 adversarii
1601 2670 1807 2745 repellendam

87 2769 285 2820 toreseorum
297 2766 495 2818 tenuerantet
505 2761 801 2834 ipsipossederantin
811 2761 921 2836 quiete.
976 2774 1045 2814 cum
1061 2773 1095 2814 ea
1110 2759 1141 2814 in
1153 2759 1277 2816 modum
1290 2760 1414 2816 actionis
1430 2761 1582 2834 proposita
1603 2760 1808 2834 intelligantur

88 2852 188 2924 Super
199 2866 257 2922 quo
268 2849 304 2906 ab
315 2850 388 2922 ipsis
397 2867 474 2922 seepe
490 2849 660 2908 admonitus
678 2851 753 2907 illud
765 2851 809 2908 eis
834 2851 924 2907 resti·
976 2847 1099 2902 dirersae
1115 2847 1273 2919 petitiones
1283 2864 1314 2904 se
1329 2849 1453 2906 minime
1466 2851 1682 2924 contingentes,
1709 2867 1743 2906 ac
1755 2861 1809 2922 per

90 2944 178 2996 tuere
194 2937 357 3014 denegavit.
374 2939 450 3006 Quin
464 2940 563 3012 potius
584 2940 669 2996 villas
693 2946 763 2998 tres.
787 2939 922 3008 Quadra·
976 2937 1033 2992 hoc
1039 2936 1126 3008 juxta
1135 2936 1549 3010 regulamjurispremissam
1559 2955 1625 3014 que
1636 2940 1720 3014 prius
1731 2943 1810 2996 esset

88 3025 175 3099 ginta
197 3026 321 3096 scilieet,
344 3027 448 3084 Casale
462 3032 492 3084 et
505 3029 654 3101 Carpium,
671 3045 744 3100 quas
758 3045 813 3101 pro
837 3045 869 3084 ss
893 3031 923 3084 et
977 3025 1139 3098 proposita,
1150 3026 1233 3097 prius
1242 3025 1319 3082 foret
1327 3027 1492 3097 tractanda,
1503 3044 1675 3102 quanquam
1686 3027 1810 3084 inidem

88 3119 176 3188 parte
192 3131 247 3172 sua
268 3115 365 3172 dictus
386 3117 478 3174 abbas
497 3116 552 3173 sub
574 3118 732 3174 securitate
755 3121 919 3190 receperat,
937 3079 1122 3186 Cjudicium
1134 3113 1229 3170 ambe
1240 3113 1374 3172 deductae
1384 3099 1810 3190 111111111111111111111111111

87 3204 201 3261 loedere
216 3203 335 3273 violato,
350 3205 381 3262 in
396 3205 586 3272 animalibus,
601 3206 704 3278 spoliis
714 3206 922 3280 etsuppelloc-
975 3207 1075 3260 essent
1089 3202 1194 3260 eadem
1205 3205 1353 3260 sententia
1368 3206 1574 3262 terminandas.
1594 3205 1808 3279 sedquoniam

89 3293 196 3349 tilibns
211 3293 279 3349 aliis
294 3294 358 3365 ipse
372 3311 440 3350 cum
457 3295 518 3351 suis
533 3293 629 3350 luerat
641 3293 922 3375 depraedatus,con-
975 3291 1028 3348 illa
1039 3291 1162 3364 quaestio
1173 3291 1275 3348 luiteb
1288 3293 1401 3349 eisdem
1411 3294 1564 3350 nobilibus
1578 3295 1806 3351 tantuminmo-

86 3382 200 3456 jugatis
215 3382 347 3438 tractatis
362 3382 497 3455 turpiter,
512 3381 688 3438 mulieribus
703 3383 793 3440 etiam
815 3383 923 3438 acriter
976 3380 1047 3435 dum
1063 3379 1246 3452 exceptionis
1261 3379 1388 3453 objecta,
1401 3380 1436 3436 de
1448 3382 1601 3438 communi
1612 3381 1737 3438 lratrum
1752 3397 1808 3437 no-

89 3469 263 3538 verberatis,
276 3470 366 3526 etiam
375 3470 560 3526 sacerdotem
572 3469 695 3542 litigatis
705 3487 722 3526 a
733 3477 814 3544 tergo
824 3472 923 3526 mani·
977 3473 1106 3524 atrorum
1125 3468 1250 3524 consilio
1261 3469 1490 3541 interloquendo
1502 3470 1759 3541 pronuntiavimus
1773 3474 1807 3525 ut

89 3557 148 3614 bus
163 3562 232 3614 ante
248 3575 279 3614 se
290 3558 357 3614 duci
369 3559 440 3614 lecit
454 3557 599 3616 aillictum
609 3559 780 3616 verberibus
796 3559 922 3616 etvesti-
976 3555 1167 3630 probationes
1182 3572 1285 3612 eorum
1302 3572 1390 3628 super
1404 3559 1469 3628 ipsa
1479 3557 1653 3629 exceptione
1665 3557 1804 3630 primitus

89 3647 150 3704 bus
166 3648 286 3720 penitus
308 3645 479 3718 spoliatum.
499 3646 639 3703 llomines
655 3663 772 3719 quoque
786 3647 924 3704 villarum
978 3644 1163 3712 audirentur,
1179 3650 1218 3712 et,
1229 3661 1264 3700 ea
1273 3644 1398 3717 probata
1406 3646 1549 3720 legitime,
1560 3663 1621 3702 non
1630 3651 1805 3720 cogerentur

91 3735 209 3792 recludi
222 3735 293 3791 lecit
307 3735 339 3790 in
349 3751 510 3802 carcerem,
522 3735 572 3790 ubi
583 3751 676 3792 unum
691 3751 727 3791 ex
741 3735 815 3808 ipsis
830 3737 926 3792 conti.
978 3732 1077 3790 abbati
1091 3733 1272 3804 respondere
1294 3749 1384 3805 super
1407 3734 1600 3807 petitionibus
1619 3734 1803 3804 memoratis,

92 3826 136 3898 git
149 3824 309 3896 exspirare.
319 3824 421 3880 Castro
435 3824 525 3880 etiam
540 3823 639 3896 inquo
650 3824 721 3881 dicti
736 3825 854 3882 nobiles
869 3826 925 3882 ba·
978 3821 1073 3878 donec
1088 3819 1359 3877 restituerenturab
1373 3820 1448 3894 ipso,
1460 3821 1679 3894 cumspoliatus
1695 3821 1804 3893 spolia-

92 3912 232 3970 bitabant
245 3913 346 3988 ignem
361 3911 452 3968 abbas
467 3912 504 3970 de
518 3919 605 3969 nocte
629 3913 700 3969 lecit
721 3916 849 3987 apponi;
872 3931 927 3987 per
978 3910 1035 3966 tori
1050 3913 1119 3966 ante
1133 3909 1353 3966 restitutionem
1367 3926 1428 3966 non
1447 3915 1569 3984 cogatur
1582 3911 1732 3968 ullatenus
1755 3927 1805 3965 re·

94 4019 185 4077 quem
212 4003 244 4059 in
267 4002 431 4076 premissis
455 4002 573 4060 damnis
588 4008 617 4058 et
631 4003 698 4058 eliis
714 4004 815 4060 multis
831 4019 926 4076 usque
979 3997 1136 4070 spondere.
1152 3998 1334 4070 spoliatione
1348 3999 1488 4056 tamenin
1498 3998 1620 4058 modum
1633 4004 1749 4057 tantum
1759 4015 1806 4055 ex·

94 4098 217 4150 centum
241 4091 378 4150 marchas
401 4107 431 4147 se
456 4091 598 4164 spoliatos
623 4091 773 4161 dicebant,
790 4097 926 4165 petentes
978 4088 1124 4160 captionis
1145 4086 1278 4160 probate,
1302 4103 1363 4144 non
1383 4093 1428 4144 est
1447 4105 1500 4160 per
1514 4089 1571 4145 boc
1585 4089 1733 4145 restitutio
1757 4087 1805 4143 la-

93 4183 179 4256 prius
200 4181 316 4240 restitui
334 4196 424 4252 quam
445 4181 540 4253 ipsius
554 4180 749 4252 petitionibus
764 4182 927 4256 responde·
980 4176 1085 4234 cienda
1096 4193 1104 4243 l
1116 4176 1367 4248 quemadmodum
1378 4176 1806 4250 cuminmodumexceptionis

93 4276 173 4340 rent,
185 4270 352 4343 praesertim
363 4285 431 4326 cum
443 4273 533 4326 testes
544 4269 691 4328 baberent
700 4276 863 4344 presentes
873 4288 928 4344 per
980 4266 1101 4338 aliquod
1113 4266 1181 4322 testi
1199 4266 1312 4322 crimen
1332 4265 1483 4338 objicitur,
1498 4272 1532 4323 ut
1547 4267 1589 4323 sic
1603 4283 1621 4323 a
1635 4265 1807 4323 testimonio

95 4377 171 4434 quos
187 4359 384 4416 intentionem
393 4374 478 4414 suam
489 4359 522 4415 in
532 4359 700 4416 continenti
709 4359 835 4432 probare
846 4359 926 4416 vole·
980 4355 1152 4427 repellatur,
1163 4354 1269 4412 etsisic
1285 4355 1398 4412 crimen
1406 4361 1511 4412 contra
1521 4371 1589 4411 eum
1602 4354 1730 4411 civiliter
1742 4353 1808 4409 lue-

93 4451 187 4516 bant;
203 4455 233 4505 et
247 4449 326 4522 quod
337 4448 484 4505 restitutio
500 4453 567 4505 ente
581 4463 677 4506 causae
688 4449 855 4523 ingressum
871 4448 923 4506 de-
937 4445 964 4512 D
980 4445 1020 4500 rit
1033 4443 1201 4514 probatum,
1228 4459 1288 4500 non
1311 4441 1378 4500 ideo
1399 4443 1455 4500 sibi
1471 4460 1559 4515 poena
1573 4443 1718 4517 infligitur
1732 4441 1809 4499 ordi-

94 4538 181 4594 beret
193 4537 259 4594 lieri
279 4536 414 4609 spoliatis
429 4537 584 4608 utriusque
600 4536 679 4609 juris
701 4537 925 4594 auctoritatibus
980 4532 1075 4601 naria,
1092 4530 1143 4587 sed
1159 4531 1223 4604 ejus
1240 4531 1384 4588 duntaxat
1398 4533 1570 4588 testimonio
1585 4549 1646 4590 non
1659 4532 1807 4598 creditum

97 4625 256 4684 ostendere
270 4625 463 4682 conabantur.
482 4627 589 4681 Verum
604 4642 640 4681 ex
653 4630 737 4698 parte
750 4625 928 4683 abbatisluit
981 4621 1060 4694 quod
1068 4636 1105 4677 ea
1113 4619 1229 4676 ratione
1240 4619 1394 4694 contingit,
1406 4621 1547 4692 quoniam
1562 4620 1594 4679 in
1608 4621 1707 4694 ipsum
1722 4637 1810 4677 accu-

96 4717 199 4772 taliter
221 4715 399 4788 replicatum
422 4713 502 4788 quod
513 4713 616 4770 libello
633 4731 685 4770 suo
701 4714 864 4771 secundum
878 4731 927 4770 re-
982 4709 1055 4766 11111
1069 4725 1130 4765 non
1144 4706 1289 4780 procedit.
1305 4709 1406 4766 Testes
1421 4709 1512 4766 etiam
1531 4727 1658 4782 quorum
1674 4711 1809 4768 testimo-

97 4805 198 4878 gulam
212 4804 360 4877 jurisque
373 4803 500 4860 dicitur:
520 4805 553 4858 Ut
568 4806 617 4874 qui
625 4804 838 4875 pitoruppeltot‚
845 4805 928 4876 prior
982 4797 1066 4854 nium
1076 4795 1254 4870 reprobatur
1264 4797 1342 4854 inter
1355 4797 1492 4869 infames,
1502 4800 1587 4870 quasi
1598 4815 1632 4856 er
1643 4799 1718 4856 falso
1729 4799 1809 4854 testi·

100 4892 309 4964 aqct,debebat
320 4892 459 4964 primitus
471 4891 646 4963 responderi
658 4908 665 4960 ;
679 4907 735 4948 nec
749 4893 785 4948 ab
797 4908 831 4948 eo
841 4892 928 4948 resti·
981 4887 1093 4956 monio,
1104 4903 1165 4942 non
1175 4886 1332 4944 habentur.
1344 4888 1417 4943 Cum
1427 4893 1526 4944 autem
1540 4905 1629 4962 super
1637 4887 1809 4959 exceptione

98 4983 175 5039 tutio
189 4982 250 5054 peti
260 4985 377 5053 poterat
390 4981 440 5052 qui
456 4997 517 5036 non
527 4980 624 5037 luerat
631 4981 773 5052 spoliator
784 4997 792 5048 3
803 4997 928 5054 1111111·-
981 4977 1047 5048 ipsa
1056 4974 1202 5048 probandi
1214 4979 1303 5032 testes
1315 4975 1375 5032 sint
1384 4993 1420 5032 ex
1432 4982 1516 5049 parte
1526 4977 1725 5050 militumjem
1735 4991 1808 5046 pro·

99 5072 156 5129 tim
171 5087 239 5127 cum
254 5075 385 5126 castrum
400 5069 511 5126 Sacrati
526 5069 600 5142 (155)
616 5069 653 5125 ad
664 5069 715 5142 jus
726 5075 755 5124 et
766 5071 930 5142 proprieta-
983 5063 1063 5120 ducti
1078 5069 1108 5120 et
1120 5063 1325 5120 attestationes
1335 5065 1424 5121 etiam
1434 5063 1602 5137 publicata,
1616 5062 1810 5136 parsabbetis

99 5166 162 5217 tem
177 5159 223 5216 sui
238 5157 412 5216 monasterii
427 5158 608 5231 pertineret:
639 5156 718 5229 quod
745 5157 834 5214 etiam
860 5175 928 5231 pars
983 5153 1020 5210 ed
1031 5153 1219 5225 repellendos
1228 5154 1433 5210 eosnonnulla
1447 5155 1479 5211 in
1495 5155 1654 5227 praesentia
1668 5157 1811 5208 nostrase

7 5295 8 5298 .
100 5249 224 5306 adversa
237 5247 409 5304 nullatenus
425 5245 599 5320 denegabat.
625 5245 710 5302 Unde
725 5251 757 5303 ut
771 5262 856 5304 verus
872 5247 928 5304 do·
983 5241 1340 5316 proposuitobjecturam.
1360 5245 1418 5298 Nos
1444 5259 1513 5316 ergo
1535 5243 1667 5298 volentes
1688 5255 1811 5313 parcere

100 5335 249 5394 minusad
261 5351 350 5407 quem
360 5333 397 5390 ab
408 5333 466 5390 alio
479 5349 527 5390 res
539 5349 592 5389 sua
610 5349 748 5405 possessa
762 5335 928 5406 revertitur,
983 5331 1136 5389 laboribus
1158 5332 1288 5404 partium
1312 5336 1342 5386 et
1356 5332 1494 5402 expensis
1518 5336 1548 5386 et
1562 5331 1632 5403 quia
1647 5328 1811 5402 majoribus

138 5479 213 5549 (153)
226 5480 259 5535 ln
270 5477 358 5535 tertia
372 5476 493 5532 Collect.
511 5478 724 5547 quinquaqinta.
1020 5477 1095 5550 (155)
1110 5479 1143 5532 11
1159 5477 1245 5532 tertia
1258 5476 1379 5532 Collect.
1396 5482 1486 5532 costae
1500 5476 1620 5531 Sacrati.

140 5553 216 5626 (151)
233 5567 263 5606 ,1
279 5549 366 5608 tertia
380 5548 500 5605 Collect.
515 5549 623 5604 Somitt.
