<?xml version="1.0" encoding="UTF-8"?>
<!DOCTYPE html PUBLIC "-//W3C//DTD XHTML 1.0 Transitional//EN"
    "http://www.w3.org/TR/xhtml1/DTD/xhtml1-transitional.dtd">
<html xmlns="http://www.w3.org/1999/xhtml" xml:lang="en" lang="en">
 <head>
  <title>
</title>
<meta http-equiv="Content-Type" content="text/html;charset=utf-8" />
  <meta name='ocr-system' content='tesseract 3.04.00' />
  <meta name='ocr-capabilities' content='ocr_page ocr_carea ocr_par ocr_line ocrx_word'/>
</head>
<body>
  <div class='ocr_page' id='page_1' title='image "./patrologiaecurs103unkngoog/patrologiaecurs103unkngoog_0159.png"; bbox 0 0 3952 6042; ppageno 0'>
   <div class='ocr_carea' id='block_1_1' title="bbox 107 264 1825 336">
    <p class='ocr_par' dir='ltr' id='par_1_1' title="bbox 107 264 1825 336">
     <span class='ocr_line' id='line_1_1' title="bbox 107 264 1825 336; baseline 0.007 -18"><span class='ocrx_word' id='word_1_1' title='bbox 107 264 143 319; x_wconf 71' lang='lat'>73</span> <span class='ocrx_word' id='word_1_2' title='bbox 639 264 893 322; x_wconf 79' lang='lat' dir='ltr'>PONTIFIGATUS</span> <span class='ocrx_word' id='word_1_3' title='bbox 912 265 1010 323; x_wconf 77' lang='lat' dir='ltr'>ANNO</span> <span class='ocrx_word' id='word_1_4' title='bbox 1029 266 1052 336; x_wconf 88' lang='lat' dir='ltr'>l,</span> <span class='ocrx_word' id='word_1_5' title='bbox 1072 270 1212 328; x_wconf 85' lang='lat' dir='ltr'>CHRISTI</span> <span class='ocrx_word' id='word_1_6' title='bbox 1231 273 1310 329; x_wconf 81' lang='grc'><strong>1198.</strong></span> <span class='ocrx_word' id='word_1_7' title='bbox 1790 277 1825 330; x_wconf 77' lang='lat'>74</span> 
     </span>
    </p>
   </div>
   <div class='ocr_carea' id='block_1_2' title="bbox 109 395 1827 474">
    <p class='ocr_par' dir='ltr' id='par_1_2' title="bbox 109 395 1827 474">
     <span class='ocr_line' id='line_1_2' title="bbox 109 395 1827 474; baseline 0.003 -22"><span class='ocrx_word' id='word_1_8' title='bbox 109 395 314 454; x_wconf 83' lang='lat' dir='ltr'>sollicitudini</span> <span class='ocrx_word' id='word_1_9' title='bbox 326 396 625 470; x_wconf 78' lang='lat' dir='ltr'>nostraedignoscitur</span> <span class='ocrx_word' id='word_1_10' title='bbox 633 399 782 472; x_wconf 85' lang='lat' dir='ltr'>expedire,</span> <span class='ocrx_word' id='word_1_11' title='bbox 795 405 828 456; x_wconf 87' lang='lat' dir='ltr'>ut</span> <span class='ocrx_word' id='word_1_12' title='bbox 837 399 879 456; x_wconf 89' lang='lat' dir='ltr'>sic</span> <span class='ocrx_word' id='word_1_13' title='bbox 893 398 945 454; x_wconf 90' lang='lat' dir='ltr'>de·</span> <span class='ocrx_word' id='word_1_14' title='bbox 958 403 988 468; x_wconf 87' lang='grc' dir='ltr'>Α</span> <span class='ocrx_word' id='word_1_15' title='bbox 1002 396 1211 466; x_wconf 89' lang='lat' dir='ltr'>mulassemus‚</span> <span class='ocrx_word' id='word_1_16' title='bbox 1228 399 1348 455; x_wconf 86' lang='lat' dir='ltr'>tandem</span> <span class='ocrx_word' id='word_1_17' title='bbox 1364 415 1464 455; x_wconf 89' lang='lat' dir='ltr'>coram</span> <span class='ocrx_word' id='word_1_18' title='bbox 1478 399 1619 455; x_wconf 85' lang='lat' dir='ltr'>fratribus</span> <span class='ocrx_word' id='word_1_19' title='bbox 1633 399 1743 457; x_wconf 92' lang='lat' dir='ltr'>nostris</span> <span class='ocrx_word' id='word_1_20' title='bbox 1758 418 1827 474; x_wconf 90' lang='lat' dir='ltr'>pro-</span> 
     </span>
    </p>
   </div>
   <div class='ocr_carea' id='block_1_3' title="bbox 105 486 944 1630">
    <p class='ocr_par' dir='ltr' id='par_1_3' title="bbox 105 486 944 1630">
     <span class='ocr_line' id='line_1_3' title="bbox 108 486 942 558; baseline 0.001 -16"><span class='ocrx_word' id='word_1_21' title='bbox 108 487 241 542; x_wconf 90' lang='lat' dir='ltr'>beamus</span> <span class='ocrx_word' id='word_1_22' title='bbox 267 486 419 558; x_wconf 88' lang='lat' dir='ltr'>quoslibet</span> <span class='ocrx_word' id='word_1_23' title='bbox 445 487 475 542; x_wconf 90' lang='lat' dir='ltr'>iu</span> <span class='ocrx_word' id='word_1_24' title='bbox 505 489 566 544; x_wconf 89' lang='lat' dir='ltr'>suis</span> <span class='ocrx_word' id='word_1_25' title='bbox 590 489 756 544; x_wconf 88' lang='lat' dir='ltr'>rationibus</span> <span class='ocrx_word' id='word_1_26' title='bbox 776 488 942 556; x_wconf 86' lang='lat' dir='ltr'>confovere,</span> 
     </span>
     <span class='ocr_line' id='line_1_4' title="bbox 108 575 942 650; baseline 0.001 -19"><span class='ocrx_word' id='word_1_27' title='bbox 108 577 193 647; x_wconf 89' lang='lat' dir='ltr'>quod</span> <span class='ocrx_word' id='word_1_28' title='bbox 210 575 341 632; x_wconf 90' lang='lat' dir='ltr'>aliorum</span> <span class='ocrx_word' id='word_1_29' title='bbox 353 575 424 649; x_wconf 90' lang='lat' dir='ltr'>jura</span> <span class='ocrx_word' id='word_1_30' title='bbox 439 576 470 632; x_wconf 93' lang='lat' dir='ltr'>in</span> <span class='ocrx_word' id='word_1_31' title='bbox 487 583 648 650; x_wconf 88' lang='lat' dir='ltr'>conspectu</span> <span class='ocrx_word' id='word_1_32' title='bbox 663 578 801 634; x_wconf 74' lang='lat' dir='ltr'>Ecclesiae</span> <span class='ocrx_word' id='word_1_33' title='bbox 818 579 942 650; x_wconf 91' lang='lat' dir='ltr'>dispen-</span> 
     </span>
     <span class='ocr_line' id='line_1_5' title="bbox 107 665 944 734; baseline 0.001 -14"><span class='ocrx_word' id='word_1_34' title='bbox 107 665 270 720; x_wconf 90' lang='lat' dir='ltr'>diumnon</span> <span class='ocrx_word' id='word_1_35' title='bbox 286 666 464 734; x_wconf 75' lang='lat' dir='ltr'>sustineant,</span> <span class='ocrx_word' id='word_1_36' title='bbox 477 665 528 721; x_wconf 87' lang='lat' dir='ltr'>sed</span> <span class='ocrx_word' id='word_1_37' title='bbox 544 667 632 723; x_wconf 87' lang='lat' dir='ltr'>firma</span> <span class='ocrx_word' id='word_1_38' title='bbox 647 671 677 724; x_wconf 87' lang='lat' dir='ltr'>et</span> <span class='ocrx_word' id='word_1_39' title='bbox 690 666 806 723; x_wconf 89' lang='lat' dir='ltr'>illibata</span> <span class='ocrx_word' id='word_1_40' title='bbox 816 666 944 722; x_wconf 88' lang='lat' dir='ltr'>debeant</span> 
     </span>
     <span class='ocr_line' id='line_1_6' title="bbox 107 753 944 827; baseline 0 -17"><span class='ocrx_word' id='word_1_41' title='bbox 107 753 944 827; x_wconf 80' lang='lat' dir='ltr'>permanerelntelleximussiquidemdilectosslioGisle-</span> 
     </span>
     <span class='ocr_line' id='line_1_7' title="bbox 107 842 943 916; baseline 0.001 -18"><span class='ocrx_word' id='word_1_42' title='bbox 107 843 199 898; x_wconf 90' lang='lat' dir='ltr'>berto</span> <span class='ocrx_word' id='word_1_43' title='bbox 211 842 357 899; x_wconf 87' lang='lat' dir='ltr'>canonico</span> <span class='ocrx_word' id='word_1_44' title='bbox 373 844 400 898; x_wconf 89' lang='lat' dir='ltr'>S.</span> <span class='ocrx_word' id='word_1_45' title='bbox 411 843 534 899; x_wconf 80' lang='lat' dir='ltr'>loannis</span> <span class='ocrx_word' id='word_1_46' title='bbox 545 845 576 898; x_wconf 93' lang='lat' dir='ltr'>in</span> <span class='ocrx_word' id='word_1_47' title='bbox 589 845 695 901; x_wconf 88' lang='lat' dir='ltr'>Leodio</span> <span class='ocrx_word' id='word_1_48' title='bbox 708 845 855 901; x_wconf 79' lang='lat' dir='ltr'>referente</span> <span class='ocrx_word' id='word_1_49' title='bbox 865 843 943 916; x_wconf 92' lang='lat' dir='ltr'>quod</span> 
     </span>
     <span class='ocr_line' id='line_1_8' title="bbox 108 932 944 1005; baseline 0.001 -18"><span class='ocrx_word' id='word_1_50' title='bbox 108 933 177 1005; x_wconf 91' lang='lat' dir='ltr'>ipse</span> <span class='ocrx_word' id='word_1_51' title='bbox 191 937 222 988; x_wconf 87' lang='lat' dir='ltr'>et</span> <span class='ocrx_word' id='word_1_52' title='bbox 233 932 408 990; x_wconf 85' lang='lat' dir='ltr'>Lambertus</span> <span class='ocrx_word' id='word_1_53' title='bbox 419 932 556 999; x_wconf 83' lang='lat' dir='ltr'>clericus,</span> <span class='ocrx_word' id='word_1_54' title='bbox 566 933 646 990; x_wconf 90' lang='lat' dir='ltr'>ducti</span> <span class='ocrx_word' id='word_1_55' title='bbox 657 933 785 1005; x_wconf 89' lang='lat' dir='ltr'>quadam</span> <span class='ocrx_word' id='word_1_56' title='bbox 797 933 889 989; x_wconf 93' lang='lat' dir='ltr'>animi</span> <span class='ocrx_word' id='word_1_57' title='bbox 900 933 944 988; x_wconf 89' lang='lat' dir='ltr'>le·</span> 
     </span>
     <span class='ocr_line' id='line_1_9' title="bbox 106 1021 944 1094; baseline 0 -18"><span class='ocrx_word' id='word_1_58' title='bbox 106 1021 258 1088; x_wconf 64' lang='lat' dir='ltr'>vitamne</span> <span class='ocrx_word' id='word_1_59' title='bbox 266 1023 485 1094; x_wconf 81' lang='lat' dir='ltr'>permutatione</span> <span class='ocrx_word' id='word_1_60' title='bbox 498 1022 727 1094; x_wconf 68' lang='lat' dir='ltr'>prebendarum</span> <span class='ocrx_word' id='word_1_61' title='bbox 738 1023 944 1080; x_wconf 89' lang='lat' dir='ltr'>suaruminter</span> 
     </span>
     <span class='ocr_line' id='line_1_10' title="bbox 107 1111 944 1183; baseline 0 -17"><span class='ocrx_word' id='word_1_62' title='bbox 107 1127 140 1166; x_wconf 90' lang='lat' dir='ltr'>se</span> <span class='ocrx_word' id='word_1_63' title='bbox 152 1115 288 1166; x_wconf 84' lang='lat' dir='ltr'>tractare</span> <span class='ocrx_word' id='word_1_64' title='bbox 294 1111 464 1182; x_wconf 82' lang='lat' dir='ltr'>caepissent,</span> <span class='ocrx_word' id='word_1_65' title='bbox 475 1111 546 1183; x_wconf 90' lang='lat' dir='ltr'>quia</span> <span class='ocrx_word' id='word_1_66' title='bbox 554 1111 713 1167; x_wconf 83' lang='lat' dir='ltr'>utilitatem</span> <span class='ocrx_word' id='word_1_67' title='bbox 724 1112 879 1182; x_wconf 89' lang='lat' dir='ltr'>utriusque</span> <span class='ocrx_word' id='word_1_68' title='bbox 891 1111 944 1166; x_wconf 92' lang='lat' dir='ltr'>im·</span> 
     </span>
     <span class='ocr_line' id='line_1_11' title="bbox 107 1197 943 1272; baseline 0.001 -18"><span class='ocrx_word' id='word_1_69' title='bbox 107 1200 232 1255; x_wconf 88' lang='lat' dir='ltr'>minere</span> <span class='ocrx_word' id='word_1_70' title='bbox 244 1197 415 1268; x_wconf 88' lang='lat' dir='ltr'>eredebant,</span> <span class='ocrx_word' id='word_1_71' title='bbox 427 1205 527 1256; x_wconf 88' lang='lat' dir='ltr'>tamen</span> <span class='ocrx_word' id='word_1_72' title='bbox 538 1200 594 1272; x_wconf 87' lang='grc'>(30)</span> <span class='ocrx_word' id='word_1_73' title='bbox 608 1200 688 1257; x_wconf 91' lang='lat' dir='ltr'>idem</span> <span class='ocrx_word' id='word_1_74' title='bbox 700 1199 877 1269; x_wconf 67' lang='lat' dir='ltr'>halaricus,</span> <span class='ocrx_word' id='word_1_75' title='bbox 889 1216 943 1255; x_wconf 90' lang='lat' dir='ltr'>oc-</span> 
     </span>
     <span class='ocr_line' id='line_1_12' title="bbox 105 1288 942 1362; baseline -0.001 -18"><span class='ocrx_word' id='word_1_76' title='bbox 105 1289 237 1345; x_wconf 86' lang='lat' dir='ltr'>casione</span> <span class='ocrx_word' id='word_1_77' title='bbox 247 1288 886 1362; x_wconf 76' lang='lat' dir='ltr'>diotrepermutationis,prebendaejusdem</span> <span class='ocrx_word' id='word_1_78' title='bbox 898 1289 942 1357; x_wconf 89' lang='lat' dir='ltr'>G.‚</span> 
     </span>
     <span class='ocr_line' id='line_1_13' title="bbox 109 1377 942 1448; baseline 0 -16"><span class='ocrx_word' id='word_1_79' title='bbox 109 1393 207 1448; x_wconf 85' lang='lat' dir='ltr'>quam</span> <span class='ocrx_word' id='word_1_80' title='bbox 231 1378 263 1432; x_wconf 91' lang='lat' dir='ltr'>in</span> <span class='ocrx_word' id='word_1_81' title='bbox 274 1377 401 1434; x_wconf 89' lang='lat' dir='ltr'>ecclesia</span> <span class='ocrx_word' id='word_1_82' title='bbox 414 1379 529 1434; x_wconf 82' lang='lat' dir='ltr'>Sancte</span> <span class='ocrx_word' id='word_1_83' title='bbox 544 1378 641 1434; x_wconf 81' lang='lat' dir='ltr'>blariae</span> <span class='ocrx_word' id='word_1_84' title='bbox 657 1379 833 1434; x_wconf 87' lang='lat' dir='ltr'>Namurcen.</span> <span class='ocrx_word' id='word_1_85' title='bbox 850 1378 942 1433; x_wconf 91' lang='lat' dir='ltr'>habe·</span> 
     </span>
     <span class='ocr_line' id='line_1_14' title="bbox 107 1465 943 1540; baseline 0 -19"><span class='ocrx_word' id='word_1_86' title='bbox 107 1466 173 1536; x_wconf 86' lang='lat' dir='ltr'>bat,</span> <span class='ocrx_word' id='word_1_87' title='bbox 192 1466 313 1522; x_wconf 90' lang='lat' dir='ltr'>cuidam</span> <span class='ocrx_word' id='word_1_88' title='bbox 329 1483 381 1522; x_wconf 91' lang='lat' dir='ltr'>suo</span> <span class='ocrx_word' id='word_1_89' title='bbox 397 1467 617 1540; x_wconf 85' lang='lat' dir='ltr'>consanguineo</span> <span class='ocrx_word' id='word_1_90' title='bbox 631 1468 790 1540; x_wconf 82' lang='lat' dir='ltr'>assignata,</span> <span class='ocrx_word' id='word_1_91' title='bbox 806 1465 943 1538; x_wconf 76' lang='lat' dir='ltr'>preben-</span> 
     </span>
     <span class='ocr_line' id='line_1_15' title="bbox 108 1555 942 1630; baseline -0.002 -19"><span class='ocrx_word' id='word_1_92' title='bbox 108 1556 183 1611; x_wconf 87' lang='lat' dir='ltr'>dam</span> <span class='ocrx_word' id='word_1_93' title='bbox 199 1557 228 1612; x_wconf 88' lang='lat' dir='ltr'>S.</span> <span class='ocrx_word' id='word_1_94' title='bbox 246 1555 465 1624; x_wconf 74' lang='lat' dir='ltr'>bartholomaei,</span> <span class='ocrx_word' id='word_1_95' title='bbox 481 1572 571 1627; x_wconf 90' lang='lat' dir='ltr'>quam</span> <span class='ocrx_word' id='word_1_96' title='bbox 587 1556 746 1630; x_wconf 75' lang='lat' dir='ltr'>saepedicto</span> <span class='ocrx_word' id='word_1_97' title='bbox 762 1555 942 1628; x_wconf 78' lang='lat' dir='ltr'>Grepromi-</span> 
     </span>
    </p>
   </div>
   <div class='ocr_carea' id='block_1_4' title="bbox 995 487 1828 1629">
    <p class='ocr_par' dir='ltr' id='par_1_4' title="bbox 995 487 1828 1629">
     <span class='ocr_line' id='line_1_16' title="bbox 1001 487 1828 562; baseline 0.006 -22"><span class='ocrx_word' id='word_1_98' title='bbox 1001 503 1113 558; x_wconf 90' lang='lat' dir='ltr'>ponere</span> <span class='ocrx_word' id='word_1_99' title='bbox 1128 487 1311 544; x_wconf 90' lang='lat' dir='ltr'>detrahendo</span> <span class='ocrx_word' id='word_1_100' title='bbox 1327 489 1517 561; x_wconf 70' lang='lat' dir='ltr'>presumpsit</span> <span class='ocrx_word' id='word_1_101' title='bbox 1531 489 1610 560; x_wconf 92' lang='lat' dir='ltr'>quod</span> <span class='ocrx_word' id='word_1_102' title='bbox 1626 506 1694 545; x_wconf 89' lang='lat' dir='ltr'>cum</span> <span class='ocrx_word' id='word_1_103' title='bbox 1710 490 1741 544; x_wconf 92' lang='lat' dir='ltr'>in</span> <span class='ocrx_word' id='word_1_104' title='bbox 1756 506 1828 562; x_wconf 87' lang='lat' dir='ltr'>pro-</span> 
     </span>
     <span class='ocr_line' id='line_1_17' title="bbox 1000 575 1827 651; baseline 0.004 -21"><span class='ocrx_word' id='word_1_105' title='bbox 1000 575 1188 632; x_wconf 87' lang='lat' dir='ltr'>nuntiatione</span> <span class='ocrx_word' id='word_1_106' title='bbox 1201 583 1303 632; x_wconf 88' lang='lat' dir='ltr'>nostra</span> <span class='ocrx_word' id='word_1_107' title='bbox 1319 578 1429 650; x_wconf 85' lang='lat' dir='ltr'>injuste</span> <span class='ocrx_word' id='word_1_108' title='bbox 1438 595 1635 651; x_wconf 82' lang='lat' dir='ltr'>gravaremus,</span> <span class='ocrx_word' id='word_1_109' title='bbox 1647 594 1681 633; x_wconf 87' lang='lat' dir='ltr'>aa</span> <span class='ocrx_word' id='word_1_110' title='bbox 1693 584 1827 650; x_wconf 90' lang='lat' dir='ltr'>postmo-</span> 
     </span>
     <span class='ocr_line' id='line_1_18' title="bbox 998 664 1828 739; baseline 0.006 -21"><span class='ocrx_word' id='word_1_111' title='bbox 998 664 1828 739; x_wconf 78' lang='lat' dir='ltr'>duminiquitatuminiquitatiacprassumptlouemprae·</span> 
     </span>
     <span class='ocr_line' id='line_1_19' title="bbox 998 753 1826 828; baseline 0.005 -21"><span class='ocrx_word' id='word_1_112' title='bbox 998 753 1160 825; x_wconf 89' lang='lat' dir='ltr'>sumptioni</span> <span class='ocrx_word' id='word_1_113' title='bbox 1172 769 1336 826; x_wconf 91' lang='lat' dir='ltr'>apponens,</span> <span class='ocrx_word' id='word_1_114' title='bbox 1348 755 1461 812; x_wconf 90' lang='lat' dir='ltr'>anobis</span> <span class='ocrx_word' id='word_1_115' title='bbox 1473 755 1678 823; x_wconf 85' lang='lat' dir='ltr'>illicentiatus,</span> <span class='ocrx_word' id='word_1_116' title='bbox 1689 757 1749 812; x_wconf 90' lang='lat' dir='ltr'>imo</span> <span class='ocrx_word' id='word_1_117' title='bbox 1757 761 1826 828; x_wconf 93' lang='lat' dir='ltr'>post</span> 
     </span>
     <span class='ocr_line' id='line_1_20' title="bbox 998 839 1825 917; baseline 0.006 -22"><span class='ocrx_word' id='word_1_118' title='bbox 998 839 1189 898; x_wconf 88' lang='lat' dir='ltr'>interdictum</span> <span class='ocrx_word' id='word_1_119' title='bbox 1200 850 1335 900; x_wconf 91' lang='lat' dir='ltr'>nostrum</span> <span class='ocrx_word' id='word_1_120' title='bbox 1346 843 1497 900; x_wconf 85' lang='lat' dir='ltr'>abscessit.</span> <span class='ocrx_word' id='word_1_121' title='bbox 1514 845 1593 900; x_wconf 85' lang='lat' dir='ltr'>Licet</span> <span class='ocrx_word' id='word_1_122' title='bbox 1603 850 1702 900; x_wconf 87' lang='lat' dir='ltr'>antem</span> <span class='ocrx_word' id='word_1_123' title='bbox 1715 851 1744 900; x_wconf 89' lang='lat' dir='ltr'>et</span> <span class='ocrx_word' id='word_1_124' title='bbox 1754 861 1825 917; x_wconf 92' lang='lat' dir='ltr'>pec-</span> 
     </span>
     <span class='ocr_line' id='line_1_21' title="bbox 998 931 1823 1006; baseline 0.002 -20"><span class='ocrx_word' id='word_1_125' title='bbox 998 935 1113 986; x_wconf 83' lang='lat' dir='ltr'>catores</span> <span class='ocrx_word' id='word_1_126' title='bbox 1126 931 1219 988; x_wconf 87' lang='lat' dir='ltr'>simus</span> <span class='ocrx_word' id='word_1_127' title='bbox 1234 938 1264 988; x_wconf 93' lang='lat' dir='ltr'>et</span> <span class='ocrx_word' id='word_1_128' title='bbox 1279 933 1339 988; x_wconf 91' lang='lat' dir='ltr'>uati</span> <span class='ocrx_word' id='word_1_129' title='bbox 1356 933 1391 989; x_wconf 91' lang='lat' dir='ltr'>de</span> <span class='ocrx_word' id='word_1_130' title='bbox 1405 932 1619 1006; x_wconf 87' lang='lat' dir='ltr'>peccatoribus,</span> <span class='ocrx_word' id='word_1_131' title='bbox 1631 932 1712 990; x_wconf 91' lang='lat' dir='ltr'>illius</span> <span class='ocrx_word' id='word_1_132' title='bbox 1724 939 1823 990; x_wconf 85' lang='lat' dir='ltr'>tamen</span> 
     </span>
     <span class='ocr_line' id='line_1_22' title="bbox 999 1021 1824 1095; baseline 0.006 -22"><span class='ocrx_word' id='word_1_133' title='bbox 999 1024 1028 1074; x_wconf 90' lang='lat' dir='ltr'>et</span> <span class='ocrx_word' id='word_1_134' title='bbox 1042 1021 1119 1075; x_wconf 86' lang='lat' dir='ltr'>vices</span> <span class='ocrx_word' id='word_1_135' title='bbox 1141 1021 1256 1094; x_wconf 80' lang='lat' dir='ltr'>agimus</span> <span class='ocrx_word' id='word_1_136' title='bbox 1281 1027 1311 1076; x_wconf 90' lang='lat' dir='ltr'>et</span> <span class='ocrx_word' id='word_1_137' title='bbox 1335 1022 1434 1078; x_wconf 88' lang='lat' dir='ltr'>locum</span> <span class='ocrx_word' id='word_1_138' title='bbox 1452 1029 1588 1078; x_wconf 86' lang='lat' dir='ltr'>tenemus</span> <span class='ocrx_word' id='word_1_139' title='bbox 1603 1024 1654 1094; x_wconf 89' lang='lat' dir='ltr'>qui</span> <span class='ocrx_word' id='word_1_140' title='bbox 1669 1027 1824 1095; x_wconf 87' lang='lat' dir='ltr'>peccatum</span> 
     </span>
     <span class='ocr_line' id='line_1_23' title="bbox 998 1109 1823 1184; baseline 0.001 -20"><span class='ocrx_word' id='word_1_141' title='bbox 998 1125 1059 1164; x_wconf 90' lang='lat' dir='ltr'>non</span> <span class='ocrx_word' id='word_1_142' title='bbox 1083 1109 1163 1178; x_wconf 88' lang='lat' dir='ltr'>fecit,</span> <span class='ocrx_word' id='word_1_143' title='bbox 1189 1111 1394 1168; x_wconf 87' lang='lat' dir='ltr'>necinventus</span> <span class='ocrx_word' id='word_1_144' title='bbox 1410 1117 1455 1168; x_wconf 88' lang='lat' dir='ltr'>est</span> <span class='ocrx_word' id='word_1_145' title='bbox 1469 1111 1555 1168; x_wconf 91' lang='lat' dir='ltr'>dolus</span> <span class='ocrx_word' id='word_1_146' title='bbox 1568 1113 1598 1167; x_wconf 93' lang='lat' dir='ltr'>in</span> <span class='ocrx_word' id='word_1_147' title='bbox 1614 1128 1664 1167; x_wconf 90' lang='lat' dir='ltr'>ore</span> <span class='ocrx_word' id='word_1_148' title='bbox 1680 1113 1756 1184; x_wconf 84' lang='lat' dir='ltr'>ejus,</span> <span class='ocrx_word' id='word_1_149' title='bbox 1772 1112 1823 1183; x_wconf 92' lang='lat' dir='ltr'>qui</span> 
     </span>
     <span class='ocr_line' id='line_1_24' title="bbox 998 1197 1824 1274; baseline 0.004 -22"><span class='ocrx_word' id='word_1_150' title='bbox 998 1197 1087 1254; x_wconf 90' lang='lat' dir='ltr'>habet</span> <span class='ocrx_word' id='word_1_151' title='bbox 1096 1199 1126 1254; x_wconf 93' lang='lat' dir='ltr'>in</span> <span class='ocrx_word' id='word_1_152' title='bbox 1140 1200 1315 1257; x_wconf 86' lang='lat' dir='ltr'>vestimento</span> <span class='ocrx_word' id='word_1_153' title='bbox 1326 1206 1355 1255; x_wconf 91' lang='lat' dir='ltr'>et</span> <span class='ocrx_word' id='word_1_154' title='bbox 1365 1202 1395 1256; x_wconf 92' lang='lat' dir='ltr'>in</span> <span class='ocrx_word' id='word_1_155' title='bbox 1406 1201 1509 1257; x_wconf 90' lang='lat' dir='ltr'>fenore</span> <span class='ocrx_word' id='word_1_156' title='bbox 1529 1218 1582 1257; x_wconf 91' lang='lat' dir='ltr'>suo</span> <span class='ocrx_word' id='word_1_157' title='bbox 1591 1202 1733 1274; x_wconf 90' lang='lat' dir='ltr'>scriptum</span> <span class='ocrx_word' id='word_1_158' title='bbox 1746 1217 1753 1255; x_wconf 77' lang='grc' dir='ltr'><strong><em>ε</em></strong></span> <span class='ocrx_word' id='word_1_159' title='bbox 1765 1203 1824 1256; x_wconf 80' lang='lat' dir='ltr'>liae</span> 
     </span>
     <span class='ocr_line' id='line_1_25' title="bbox 997 1289 1824 1362; baseline 0.001 -20"><span class='ocrx_word' id='word_1_160' title='bbox 997 1303 1102 1357; x_wconf 73' lang='lat' dir='ltr'>rapum,</span> <span class='ocrx_word' id='word_1_161' title='bbox 1118 1293 1144 1343; x_wconf 88' lang='lat' dir='ltr'>et</span> <span class='ocrx_word' id='word_1_162' title='bbox 1159 1292 1288 1346; x_wconf 83' lang='lat' dir='ltr'>Dominus</span> <span class='ocrx_word' id='word_1_163' title='bbox 1302 1291 1502 1346; x_wconf 79' lang='lat' dir='ltr'>dominantium</span> <span class='ocrx_word' id='word_1_164' title='bbox 1518 1292 1544 1362; x_wconf 88' lang='lat' dir='ltr'>(l</span> <span class='ocrx_word' id='word_1_165' title='bbox 1559 1293 1628 1347; x_wconf 80' lang='lat' dir='ltr'>Tim.</span> <span class='ocrx_word' id='word_1_166' title='bbox 1644 1308 1682 1358; x_wconf 87' lang='lat' dir='ltr'>vr,</span> <span class='ocrx_word' id='word_1_167' title='bbox 1699 1291 1754 1361; x_wconf 82' lang='lat'>15),</span> <span class='ocrx_word' id='word_1_168' title='bbox 1771 1289 1824 1360; x_wconf 88' lang='lat' dir='ltr'>qni</span> 
     </span>
     <span class='ocr_line' id='line_1_26' title="bbox 997 1375 1820 1450; baseline 0.002 -20"><span class='ocrx_word' id='word_1_169' title='bbox 997 1375 1072 1431; x_wconf 83' lang='lat' dir='ltr'>dixit</span> <span class='ocrx_word' id='word_1_170' title='bbox 1088 1379 1251 1448; x_wconf 88' lang='lat' dir='ltr'>apostolis:</span> <span class='ocrx_word' id='word_1_171' title='bbox 1274 1383 1326 1445; x_wconf 81' lang='lat' dir='ltr'>Oui</span> <span class='ocrx_word' id='word_1_172' title='bbox 1347 1396 1391 1435; x_wconf 87' lang='lat' dir='ltr'>uos</span> <span class='ocrx_word' id='word_1_173' title='bbox 1406 1382 1520 1450; x_wconf 81' lang='lat' dir='ltr'>spernit,</span> <span class='ocrx_word' id='word_1_174' title='bbox 1535 1396 1577 1435; x_wconf 84' lang='lat' dir='ltr'>me</span> <span class='ocrx_word' id='word_1_175' title='bbox 1591 1385 1716 1450; x_wconf 58' lang='lat' dir='ltr'>spamam</span> <span class='ocrx_word' id='word_1_176' title='bbox 1730 1383 1756 1434; x_wconf 86' lang='lat' dir='ltr'>et</span> <span class='ocrx_word' id='word_1_177' title='bbox 1770 1381 1820 1449; x_wconf 82' lang='lat' dir='ltr'>qut</span> 
     </span>
     <span class='ocr_line' id='line_1_27' title="bbox 995 1468 1821 1544; baseline 0.004 -25"><span class='ocrx_word' id='word_1_178' title='bbox 995 1481 1038 1520; x_wconf 83' lang='lat' dir='ltr'>me</span> <span class='ocrx_word' id='word_1_179' title='bbox 1059 1469 1174 1536; x_wconf 85' lang='lat' dir='ltr'>spernit,</span> <span class='ocrx_word' id='word_1_180' title='bbox 1198 1471 1379 1544; x_wconf 84' lang='lat' dir='ltr'>sperniteum</span> <span class='ocrx_word' id='word_1_181' title='bbox 1408 1471 1458 1539; x_wconf 85' lang='lat' dir='ltr'>qui</span> <span class='ocrx_word' id='word_1_182' title='bbox 1480 1485 1522 1524; x_wconf 86' lang='lat' dir='ltr'>me</span> <span class='ocrx_word' id='word_1_183' title='bbox 1535 1471 1609 1524; x_wconf 83' lang='lat' dir='ltr'>misit</span> <span class='ocrx_word' id='word_1_184' title='bbox 1628 1468 1704 1540; x_wconf 83' lang='lat' dir='ltr'>(Luc.</span> <span class='ocrx_word' id='word_1_185' title='bbox 1720 1484 1749 1536; x_wconf 86' lang='lat' dir='ltr'>x,</span> <span class='ocrx_word' id='word_1_186' title='bbox 1766 1470 1821 1534; x_wconf 79' lang='grc'><strong>16).</strong></span> 
     </span>
     <span class='ocr_line' id='line_1_28' title="bbox 996 1553 1824 1629; baseline 0.004 -21"><span class='ocrx_word' id='word_1_187' title='bbox 996 1553 1069 1608; x_wconf 86' lang='lat' dir='ltr'>Cum</span> <span class='ocrx_word' id='word_1_188' title='bbox 1080 1571 1149 1627; x_wconf 84' lang='lat' dir='ltr'>ergo</span> <span class='ocrx_word' id='word_1_189' title='bbox 1156 1557 1242 1629; x_wconf 83' lang='lat' dir='ltr'>juxta</span> <span class='ocrx_word' id='word_1_190' title='bbox 1253 1559 1412 1613; x_wconf 87' lang='lat' dir='ltr'>canonicas</span> <span class='ocrx_word' id='word_1_191' title='bbox 1427 1559 1597 1614; x_wconf 88' lang='lat' dir='ltr'>sanctiones</span> <span class='ocrx_word' id='word_1_192' title='bbox 1613 1557 1749 1628; x_wconf 74' lang='lat' dir='ltr'>quaedam</span> <span class='ocrx_word' id='word_1_193' title='bbox 1761 1555 1824 1611; x_wconf 92' lang='lat' dir='ltr'>sint</span> 
     </span>
    </p>
   </div>
   <div class='ocr_carea' id='block_1_5' title="bbox 90 1641 1857 3776">
    <p class='ocr_par' dir='ltr' id='par_1_5' title="bbox 90 1641 1857 3776">
     <span class='ocr_line' id='line_1_29' title="bbox 109 1641 1820 1719; baseline 0 -19"><span class='ocrx_word' id='word_1_194' title='bbox 109 1651 195 1700; x_wconf 86' lang='lat' dir='ltr'>serat</span> <span class='ocrx_word' id='word_1_195' title='bbox 209 1660 401 1717; x_wconf 83' lang='lat' dir='ltr'>nequaquam</span> <span class='ocrx_word' id='word_1_196' title='bbox 412 1644 505 1702; x_wconf 78' lang='lat' dir='ltr'>voluit</span> <span class='ocrx_word' id='word_1_197' title='bbox 517 1645 666 1719; x_wconf 82' lang='lat' dir='ltr'>resignare</span> <span class='ocrx_word' id='word_1_198' title='bbox 679 1663 686 1713; x_wconf 87' lang='lat'><strong>;</strong></span> <span class='ocrx_word' id='word_1_199' title='bbox 702 1645 787 1702; x_wconf 87' lang='lat' dir='ltr'>etsie</span> <span class='ocrx_word' id='word_1_200' title='bbox 802 1645 881 1701; x_wconf 90' lang='lat' dir='ltr'>idem</span> <span class='ocrx_word' id='word_1_201' title='bbox 897 1645 940 1713; x_wconf 86' lang='lat' dir='ltr'>G.‚</span> <span class='ocrx_word' id='word_1_202' title='bbox 996 1641 1091 1714; x_wconf 77' lang='lat' dir='ltr'>culpas</span> <span class='ocrx_word' id='word_1_203' title='bbox 1106 1644 1137 1699; x_wconf 94' lang='lat' dir='ltr'>in</span> <span class='ocrx_word' id='word_1_204' title='bbox 1153 1645 1261 1715; x_wconf 90' lang='lat' dir='ltr'>quibus</span> <span class='ocrx_word' id='word_1_205' title='bbox 1276 1646 1363 1718; x_wconf 87' lang='lat' dir='ltr'>culpa</span> <span class='ocrx_word' id='word_1_206' title='bbox 1388 1652 1433 1702; x_wconf 90' lang='lat' dir='ltr'>est</span> <span class='ocrx_word' id='word_1_207' title='bbox 1446 1646 1578 1702; x_wconf 85' lang='lat' dir='ltr'>relaxare</span> <span class='ocrx_word' id='word_1_208' title='bbox 1593 1645 1764 1714; x_wconf 84' lang='lat' dir='ltr'>vindictam,</span> <span class='ocrx_word' id='word_1_209' title='bbox 1781 1662 1820 1700; x_wconf 91' lang='lat' dir='ltr'>ne</span> 
     </span>
     <span class='ocr_line' id='line_1_30' title="bbox 107 1732 1819 1806; baseline 0 -17"><span class='ocrx_word' id='word_1_210' title='bbox 107 1739 145 1789; x_wconf 91' lang='lat' dir='ltr'>ut</span> <span class='ocrx_word' id='word_1_211' title='bbox 167 1734 290 1802; x_wconf 89' lang='lat' dir='ltr'>asserit,</span> <span class='ocrx_word' id='word_1_212' title='bbox 316 1750 370 1790; x_wconf 87' lang='lat' dir='ltr'>sua</span> <span class='ocrx_word' id='word_1_213' title='bbox 392 1751 443 1806; x_wconf 87' lang='lat' dir='ltr'>spe</span> <span class='ocrx_word' id='word_1_214' title='bbox 465 1735 610 1791; x_wconf 84' lang='lat' dir='ltr'>remansit</span> <span class='ocrx_word' id='word_1_215' title='bbox 632 1734 755 1790; x_wconf 90' lang='lat' dir='ltr'>omnino</span> <span class='ocrx_word' id='word_1_216' title='bbox 770 1734 939 1790; x_wconf 88' lang='lat' dir='ltr'>frustratus.</span> <span class='ocrx_word' id='word_1_217' title='bbox 997 1732 1165 1806; x_wconf 87' lang='lat' dir='ltr'>quishujus</span> <span class='ocrx_word' id='word_1_218' title='bbox 1180 1733 1356 1790; x_wconf 87' lang='lat' dir='ltr'>temeritatis</span> <span class='ocrx_word' id='word_1_219' title='bbox 1372 1734 1508 1806; x_wconf 88' lang='lat' dir='ltr'>exemplo</span> <span class='ocrx_word' id='word_1_220' title='bbox 1531 1739 1692 1806; x_wconf 75' lang='lat' dir='ltr'>presumat</span> <span class='ocrx_word' id='word_1_221' title='bbox 1706 1749 1819 1806; x_wconf 89' lang='lat' dir='ltr'>ponere</span> 
     </span>
     <span class='ocr_line' id='line_1_31' title="bbox 108 1805 1818 1895; baseline -0.001 -17"><span class='ocrx_word' id='word_1_222' title='bbox 108 1823 251 1893; x_wconf 84' lang='lat' dir='ltr'>Cumque</span> <span class='ocrx_word' id='word_1_223' title='bbox 266 1837 356 1895; x_wconf 89' lang='lat' dir='ltr'>super</span> <span class='ocrx_word' id='word_1_224' title='bbox 370 1823 426 1878; x_wconf 85' lang='lat' dir='ltr'>lroa</span> <span class='ocrx_word' id='word_1_225' title='bbox 439 1823 471 1878; x_wconf 90' lang='lat' dir='ltr'>in</span> <span class='ocrx_word' id='word_1_226' title='bbox 482 1823 641 1895; x_wconf 79' lang='lat' dir='ltr'>praeseutia</span> <span class='ocrx_word' id='word_1_227' title='bbox 653 1821 830 1880; x_wconf 86' lang='lat' dir='ltr'>venerabilis</span> <span class='ocrx_word' id='word_1_228' title='bbox 840 1820 940 1877; x_wconf 89' lang='lat' dir='ltr'>fratris</span> <span class='ocrx_word' id='word_1_229' title='bbox 996 1805 1035 1874; x_wconf 78' lang='lat' dir='ltr'>os‘</span> <span class='ocrx_word' id='word_1_230' title='bbox 1045 1820 1075 1875; x_wconf 91' lang='lat' dir='ltr'>in</span> <span class='ocrx_word' id='word_1_231' title='bbox 1091 1821 1292 1890; x_wconf 84' lang='lat' dir='ltr'>coelum,··aum</span> <span class='ocrx_word' id='word_1_232' title='bbox 1309 1823 1373 1895; x_wconf 85' lang='lat' dir='ltr'>ejus</span> <span class='ocrx_word' id='word_1_233' title='bbox 1388 1823 1489 1894; x_wconf 80' lang='lat' dir='ltr'>lingua</span> <span class='ocrx_word' id='word_1_234' title='bbox 1503 1827 1636 1878; x_wconf 86' lang='lat' dir='ltr'>transeat</span> <span class='ocrx_word' id='word_1_235' title='bbox 1649 1837 1740 1894; x_wconf 90' lang='lat' dir='ltr'>super</span> <span class='ocrx_word' id='word_1_236' title='bbox 1754 1827 1818 1878; x_wconf 87' lang='lat' dir='ltr'>ter-</span> 
     </span>
     <span class='ocr_line' id='line_1_32' title="bbox 108 1911 1820 1985; baseline -0.001 -19"><span class='ocrx_word' id='word_1_237' title='bbox 108 1911 211 1967; x_wconf 90' lang='lat' dir='ltr'>nostri</span> <span class='ocrx_word' id='word_1_238' title='bbox 227 1911 366 1968; x_wconf 89' lang='lat' dir='ltr'>Leodien.</span> <span class='ocrx_word' id='word_1_239' title='bbox 384 1912 515 1985; x_wconf 89' lang='lat' dir='ltr'>episcopi</span> <span class='ocrx_word' id='word_1_240' title='bbox 529 1912 636 1968; x_wconf 85' lang='lat' dir='ltr'>fuisset</span> <span class='ocrx_word' id='word_1_241' title='bbox 649 1911 761 1968; x_wconf 87' lang='lat' dir='ltr'>diutius</span> <span class='ocrx_word' id='word_1_242' title='bbox 780 1911 940 1984; x_wconf 79' lang='lat' dir='ltr'>litigatum,</span> <span class='ocrx_word' id='word_1_243' title='bbox 996 1925 1060 1965; x_wconf 90' lang='lat' dir='ltr'>ram</span> <span class='ocrx_word' id='word_1_244' title='bbox 1075 1927 1130 1966; x_wconf 89' lang='lat' dir='ltr'>nos</span> <span class='ocrx_word' id='word_1_245' title='bbox 1145 1911 1258 1982; x_wconf 90' lang='lat' dir='ltr'>utique,</span> <span class='ocrx_word' id='word_1_246' title='bbox 1281 1928 1341 1968; x_wconf 92' lang='lat' dir='ltr'>non</span> <span class='ocrx_word' id='word_1_247' title='bbox 1364 1917 1496 1968; x_wconf 90' lang='lat' dir='ltr'>nostram</span> <span class='ocrx_word' id='word_1_248' title='bbox 1511 1916 1725 1984; x_wconf 85' lang='lat' dir='ltr'>persequentes</span> <span class='ocrx_word' id='word_1_249' title='bbox 1739 1911 1820 1984; x_wconf 91' lang='lat' dir='ltr'>inju-</span> 
     </span>
     <span class='ocr_line' id='line_1_33' title="bbox 108 1999 1817 2074; baseline -0.002 -18"><span class='ocrx_word' id='word_1_250' title='bbox 108 2001 237 2056; x_wconf 87' lang='lat' dir='ltr'>tandem</span> <span class='ocrx_word' id='word_1_251' title='bbox 253 2001 333 2057; x_wconf 90' lang='lat' dir='ltr'>idem</span> <span class='ocrx_word' id='word_1_252' title='bbox 348 2001 378 2056; x_wconf 91' lang='lat' dir='ltr'>L.</span> <span class='ocrx_word' id='word_1_253' title='bbox 396 2000 498 2058; x_wconf 89' lang='lat' dir='ltr'>sedem</span> <span class='ocrx_word' id='word_1_254' title='bbox 513 2001 707 2074; x_wconf 88' lang='lat' dir='ltr'>apostolicam</span> <span class='ocrx_word' id='word_1_255' title='bbox 724 2000 884 2074; x_wconf 79' lang='lat' dir='ltr'>appellarit</span> <span class='ocrx_word' id='word_1_256' title='bbox 895 2017 902 2066; x_wconf 90' lang='lat'><strong>;</strong></span> <span class='ocrx_word' id='word_1_257' title='bbox 912 2003 942 2054; x_wconf 90' lang='lat' dir='ltr'>et</span> <span class='ocrx_word' id='word_1_258' title='bbox 995 1999 1817 2072; x_wconf 80' lang='lat' dir='ltr'>riam,sedzelumexercentesecclesiasticaedisciplinoe,</span> 
     </span>
     <span class='ocr_line' id='line_1_34' title="bbox 108 2089 1819 2166; baseline -0.002 -20"><span class='ocrx_word' id='word_1_259' title='bbox 108 2107 182 2146; x_wconf 88' lang='lat' dir='ltr'>cum</span> <span class='ocrx_word' id='word_1_260' title='bbox 208 2091 307 2146; x_wconf 89' lang='lat' dir='ltr'>dictus</span> <span class='ocrx_word' id='word_1_261' title='bbox 331 2093 362 2147; x_wconf 89' lang='lat' dir='ltr'>G.</span> <span class='ocrx_word' id='word_1_262' title='bbox 387 2090 422 2148; x_wconf 94' lang='lat' dir='ltr'>ad</span> <span class='ocrx_word' id='word_1_263' title='bbox 446 2098 580 2149; x_wconf 90' lang='lat' dir='ltr'>nostram</span> <span class='ocrx_word' id='word_1_264' title='bbox 595 2093 784 2166; x_wconf 74' lang='lat' dir='ltr'>presentiam</span> <span class='ocrx_word' id='word_1_265' title='bbox 801 2091 939 2147; x_wconf 91' lang='lat' dir='ltr'>nonsine</span> <span class='ocrx_word' id='word_1_266' title='bbox 994 2089 1209 2161; x_wconf 78' lang='lat' dir='ltr'>universaque</span> <span class='ocrx_word' id='word_1_267' title='bbox 1221 2089 1298 2146; x_wconf 91' lang='lat' dir='ltr'>idem</span> <span class='ocrx_word' id='word_1_268' title='bbox 1310 2092 1342 2146; x_wconf 91' lang='lat' dir='ltr'>P.</span> <span class='ocrx_word' id='word_1_269' title='bbox 1358 2106 1411 2162; x_wconf 92' lang='lat' dir='ltr'>pro</span> <span class='ocrx_word' id='word_1_270' title='bbox 1427 2105 1501 2147; x_wconf 81' lang='lat' dir='ltr'>saec</span> <span class='ocrx_word' id='word_1_271' title='bbox 1516 2091 1578 2146; x_wconf 90' lang='lat' dir='ltr'>suis</span> <span class='ocrx_word' id='word_1_272' title='bbox 1593 2089 1689 2146; x_wconf 87' lang='lat' dir='ltr'>asede</span> <span class='ocrx_word' id='word_1_273' title='bbox 1699 2093 1819 2161; x_wconf 85' lang='lat' dir='ltr'>aposta-</span> 
     </span>
     <span class='ocr_line' id='line_1_35' title="bbox 106 2176 1814 2253; baseline -0.002 -18"><span class='ocrx_word' id='word_1_274' title='bbox 106 2196 220 2253; x_wconf 77' lang='lat' dir='ltr'>magno</span> <span class='ocrx_word' id='word_1_275' title='bbox 237 2181 369 2252; x_wconf 89' lang='lat' dir='ltr'>periculo</span> <span class='ocrx_word' id='word_1_276' title='bbox 380 2186 409 2237; x_wconf 94' lang='lat' dir='ltr'>et</span> <span class='ocrx_word' id='word_1_277' title='bbox 423 2181 526 2238; x_wconf 87' lang='lat' dir='ltr'>labore</span> <span class='ocrx_word' id='word_1_278' title='bbox 540 2183 725 2252; x_wconf 89' lang='lat' dir='ltr'>accessisset,</span> <span class='ocrx_word' id='word_1_279' title='bbox 742 2181 820 2238; x_wconf 93' lang='lat' dir='ltr'>idem</span> <span class='ocrx_word' id='word_1_280' title='bbox 836 2184 867 2237; x_wconf 84' lang='grc' dir='ltr'>Ε.</span> <span class='ocrx_word' id='word_1_281' title='bbox 884 2197 939 2237; x_wconf 88' lang='lat' dir='ltr'>nec</span> <span class='ocrx_word' id='word_1_282' title='bbox 993 2176 1241 2250; x_wconf 84' lang='lat' dir='ltr'>licaimpetravit‚</span> <span class='ocrx_word' id='word_1_283' title='bbox 1257 2180 1451 2251; x_wconf 77' lang='lat' dir='ltr'>presentium</span> <span class='ocrx_word' id='word_1_284' title='bbox 1465 2180 1641 2236; x_wconf 88' lang='lat' dir='ltr'>auctoritate</span> <span class='ocrx_word' id='word_1_285' title='bbox 1651 2193 1814 2245; x_wconf 88' lang='lat' dir='ltr'>cassamus,</span> 
     </span>
     <span class='ocr_line' id='line_1_36' title="bbox 104 2265 1817 2342; baseline -0.001 -18"><span class='ocrx_word' id='word_1_286' title='bbox 104 2270 192 2326; x_wconf 82' lang='lat' dir='ltr'>venit</span> <span class='ocrx_word' id='word_1_287' title='bbox 206 2285 263 2325; x_wconf 90' lang='lat' dir='ltr'>neo</span> <span class='ocrx_word' id='word_1_288' title='bbox 278 2287 332 2342; x_wconf 93' lang='lat' dir='ltr'>pro</span> <span class='ocrx_word' id='word_1_289' title='bbox 348 2287 379 2326; x_wconf 89' lang='lat' dir='ltr'>se</span> <span class='ocrx_word' id='word_1_290' title='bbox 403 2271 517 2328; x_wconf 82' lang='lat' dir='ltr'>curarit</span> <span class='ocrx_word' id='word_1_291' title='bbox 540 2271 738 2328; x_wconf 86' lang='lat' dir='ltr'>sufficientem</span> <span class='ocrx_word' id='word_1_292' title='bbox 753 2272 871 2327; x_wconf 89' lang='lat' dir='ltr'>mittere</span> <span class='ocrx_word' id='word_1_293' title='bbox 885 2287 938 2326; x_wconf 91' lang='lat' dir='ltr'>re·</span> <span class='ocrx_word' id='word_1_294' title='bbox 992 2265 1170 2324; x_wconf 86' lang='lat' dir='ltr'>fraternitati</span> <span class='ocrx_word' id='word_1_295' title='bbox 1193 2274 1250 2324; x_wconf 80' lang='lat' dir='ltr'>tuas</span> <span class='ocrx_word' id='word_1_296' title='bbox 1274 2285 1328 2341; x_wconf 90' lang='lat' dir='ltr'>per</span> <span class='ocrx_word' id='word_1_297' title='bbox 1341 2268 1504 2342; x_wconf 89' lang='lat' dir='ltr'>apostolica</span> <span class='ocrx_word' id='word_1_298' title='bbox 1516 2269 1626 2340; x_wconf 89' lang='lat' dir='ltr'>scripta</span> <span class='ocrx_word' id='word_1_299' title='bbox 1640 2266 1817 2323; x_wconf 88' lang='lat' dir='ltr'>mandantes</span> 
     </span>
     <span class='ocr_line' id='line_1_37' title="bbox 105 2357 1816 2436; baseline -0.001 -23"><span class='ocrx_word' id='word_1_300' title='bbox 105 2358 467 2433; x_wconf 75' lang='lat' dir='ltr'>sponsalemflumigitur</span> <span class='ocrx_word' id='word_1_301' title='bbox 475 2359 607 2432; x_wconf 88' lang='lat' dir='ltr'>deceptis</span> <span class='ocrx_word' id='word_1_302' title='bbox 616 2365 645 2416; x_wconf 91' lang='lat' dir='ltr'>et</span> <span class='ocrx_word' id='word_1_303' title='bbox 654 2359 938 2432; x_wconf 88' lang='lat' dir='ltr'>nondecipientibus</span> <span class='ocrx_word' id='word_1_304' title='bbox 992 2359 1023 2411; x_wconf 86' lang='lat' dir='ltr'>et</span> <span class='ocrx_word' id='word_1_305' title='bbox 1035 2357 1089 2412; x_wconf 90' lang='lat' dir='ltr'>sub</span> <span class='ocrx_word' id='word_1_306' title='bbox 1100 2357 1223 2414; x_wconf 91' lang='lat' dir='ltr'>obtentu</span> <span class='ocrx_word' id='word_1_307' title='bbox 1232 2359 1333 2432; x_wconf 77' lang='lat' dir='ltr'>gratia</span> <span class='ocrx_word' id='word_1_308' title='bbox 1347 2359 1597 2436; x_wconf 80' lang='lat' dir='ltr'>nostraedistricte</span> <span class='ocrx_word' id='word_1_309' title='bbox 1608 2357 1816 2430; x_wconf 77' lang='lat' dir='ltr'>praecipientes</span> 
     </span>
     <span class='ocr_line' id='line_1_38' title="bbox 101 2446 1815 2520; baseline -0.001 -19"><span class='ocrx_word' id='word_1_310' title='bbox 101 2447 177 2518; x_wconf 85' lang='lat' dir='ltr'>jura</span> <span class='ocrx_word' id='word_1_311' title='bbox 192 2447 380 2518; x_wconf 83' lang='lat' dir='ltr'>subveniant,</span> <span class='ocrx_word' id='word_1_312' title='bbox 405 2448 487 2506; x_wconf 89' lang='lat' dir='ltr'>fraus</span> <span class='ocrx_word' id='word_1_313' title='bbox 502 2450 592 2506; x_wconf 90' lang='lat' dir='ltr'>etiam</span> <span class='ocrx_word' id='word_1_314' title='bbox 612 2449 742 2508; x_wconf 90' lang='lat' dir='ltr'>etdolus</span> <span class='ocrx_word' id='word_1_315' title='bbox 757 2449 869 2505; x_wconf 92' lang='lat' dir='ltr'>nemini</span> <span class='ocrx_word' id='word_1_316' title='bbox 886 2447 937 2503; x_wconf 88' lang='lat' dir='ltr'>da·</span> <span class='ocrx_word' id='word_1_317' title='bbox 992 2451 1139 2516; x_wconf 86' lang='lat' dir='ltr'>quatenus</span> <span class='ocrx_word' id='word_1_318' title='bbox 1155 2463 1190 2503; x_wconf 91' lang='lat' dir='ltr'>ea</span> <span class='ocrx_word' id='word_1_319' title='bbox 1202 2453 1317 2504; x_wconf 91' lang='lat' dir='ltr'>cassata</span> <span class='ocrx_word' id='word_1_320' title='bbox 1340 2446 1498 2504; x_wconf 88' lang='lat' dir='ltr'>denunties</span> <span class='ocrx_word' id='word_1_321' title='bbox 1520 2453 1549 2504; x_wconf 91' lang='lat' dir='ltr'>et</span> <span class='ocrx_word' id='word_1_322' title='bbox 1572 2463 1673 2504; x_wconf 87' lang='lat' dir='ltr'>carere</span> <span class='ocrx_word' id='word_1_323' title='bbox 1694 2463 1815 2520; x_wconf 89' lang='lat' dir='ltr'>prorsus</span> 
     </span>
     <span class='ocr_line' id='line_1_39' title="bbox 106 2534 1813 2612; baseline -0.002 -21"><span class='ocrx_word' id='word_1_324' title='bbox 106 2537 202 2592; x_wconf 87' lang='lat' dir='ltr'>beant</span> <span class='ocrx_word' id='word_1_325' title='bbox 217 2539 417 2608; x_wconf 89' lang='lat' dir='ltr'>patrocinium</span> <span class='ocrx_word' id='word_1_326' title='bbox 431 2539 595 2612; x_wconf 88' lang='lat' dir='ltr'>impertiri;</span> <span class='ocrx_word' id='word_1_327' title='bbox 612 2539 683 2595; x_wconf 91' lang='lat' dir='ltr'>licet</span> <span class='ocrx_word' id='word_1_328' title='bbox 697 2538 753 2610; x_wconf 92' lang='lat' dir='ltr'>ipsi</span> <span class='ocrx_word' id='word_1_329' title='bbox 777 2554 831 2611; x_wconf 92' lang='lat' dir='ltr'>per</span> <span class='ocrx_word' id='word_1_330' title='bbox 854 2553 885 2592; x_wconf 89' lang='lat' dir='ltr'>se</span> <span class='ocrx_word' id='word_1_331' title='bbox 900 2537 936 2592; x_wconf 89' lang='lat' dir='ltr'>de</span> <span class='ocrx_word' id='word_1_332' title='bbox 991 2534 1097 2591; x_wconf 88' lang='lat' dir='ltr'>robore</span> <span class='ocrx_word' id='word_1_333' title='bbox 1107 2536 1315 2592; x_wconf 74' lang='lat' dir='ltr'>firmitatisld</span> <span class='ocrx_word' id='word_1_334' title='bbox 1326 2538 1400 2606; x_wconf 80' lang='lat' dir='ltr'>haec,</span> <span class='ocrx_word' id='word_1_335' title='bbox 1412 2534 1813 2609; x_wconf 80' lang='lat' dir='ltr'>districtetibipraecipieudo</span> 
     </span>
     <span class='ocr_line' id='line_1_40' title="bbox 90 2621 1814 2700; baseline -0.004 -17"><span class='ocrx_word' id='word_1_336' title='bbox 90 2675 96 2683; x_wconf 85' lang='lat'>.</span> <span class='ocrx_word' id='word_1_337' title='bbox 100 2625 245 2697; x_wconf 87' lang='lat' dir='ltr'>jurenon</span> <span class='ocrx_word' id='word_1_338' title='bbox 251 2633 375 2700; x_wconf 88' lang='lat' dir='ltr'>possent</span> <span class='ocrx_word' id='word_1_339' title='bbox 386 2628 588 2686; x_wconf 87' lang='lat' dir='ltr'>ecclesiastica</span> <span class='ocrx_word' id='word_1_340' title='bbox 598 2628 746 2684; x_wconf 89' lang='lat' dir='ltr'>beneficia</span> <span class='ocrx_word' id='word_1_341' title='bbox 755 2630 936 2699; x_wconf 90' lang='lat' dir='ltr'>permutare;</span> <span class='ocrx_word' id='word_1_342' title='bbox 991 2622 1169 2680; x_wconf 87' lang='lat' dir='ltr'>mandamus</span> <span class='ocrx_word' id='word_1_343' title='bbox 1181 2629 1214 2681; x_wconf 93' lang='lat' dir='ltr'>ut</span> <span class='ocrx_word' id='word_1_344' title='bbox 1234 2625 1292 2681; x_wconf 90' lang='lat' dir='ltr'>nisi</span> <span class='ocrx_word' id='word_1_345' title='bbox 1307 2625 1404 2681; x_wconf 88' lang='lat' dir='ltr'>dictus</span> <span class='ocrx_word' id='word_1_346' title='bbox 1418 2627 1449 2681; x_wconf 91' lang='lat' dir='ltr'>P.</span> <span class='ocrx_word' id='word_1_347' title='bbox 1471 2625 1549 2681; x_wconf 84' lang='lat' dir='ltr'>infra</span> <span class='ocrx_word' id='word_1_348' title='bbox 1563 2623 1734 2695; x_wconf 88' lang='lat' dir='ltr'>quindecim</span> <span class='ocrx_word' id='word_1_349' title='bbox 1750 2621 1814 2677; x_wconf 91' lang='lat' dir='ltr'>dies</span> 
     </span>
     <span class='ocr_line' id='line_1_41' title="bbox 105 2709 1814 2790; baseline -0.002 -20"><span class='ocrx_word' id='word_1_350' title='bbox 105 2719 140 2770; x_wconf 92' lang='lat' dir='ltr'>ut</span> <span class='ocrx_word' id='word_1_351' title='bbox 156 2721 261 2772; x_wconf 87' lang='lat' dir='ltr'>tamen</span> <span class='ocrx_word' id='word_1_352' title='bbox 286 2718 468 2790; x_wconf 86' lang='lat' dir='ltr'>simplicitati</span> <span class='ocrx_word' id='word_1_353' title='bbox 492 2718 578 2776; x_wconf 81' lang='lat' dir='ltr'>venie</span> <span class='ocrx_word' id='word_1_354' title='bbox 592 2717 749 2786; x_wconf 89' lang='lat' dir='ltr'>tribuatur,</span> <span class='ocrx_word' id='word_1_355' title='bbox 765 2716 937 2772; x_wconf 89' lang='lat' dir='ltr'>discretioni</span> <span class='ocrx_word' id='word_1_356' title='bbox 990 2716 1058 2783; x_wconf 90' lang='lat' dir='ltr'>post</span> <span class='ocrx_word' id='word_1_357' title='bbox 1072 2713 1289 2785; x_wconf 87' lang='lat' dir='ltr'>susceptionem</span> <span class='ocrx_word' id='word_1_358' title='bbox 1308 2714 1498 2786; x_wconf 78' lang='lat' dir='ltr'>praesentium</span> <span class='ocrx_word' id='word_1_359' title='bbox 1511 2712 1711 2770; x_wconf 87' lang='lat' dir='ltr'>satisfaciendi</span> <span class='ocrx_word' id='word_1_360' title='bbox 1727 2709 1814 2767; x_wconf 91' lang='lat' dir='ltr'>nobis</span> 
     </span>
     <span class='ocr_line' id='line_1_42' title="bbox 106 2799 1815 2884; baseline -0.002 -27"><span class='ocrx_word' id='word_1_361' title='bbox 106 2809 215 2860; x_wconf 76' lang='lat' dir='ltr'>restra</span> <span class='ocrx_word' id='word_1_362' title='bbox 227 2806 452 2878; x_wconf 84' lang='lat' dir='ltr'>parapostolica</span> <span class='ocrx_word' id='word_1_363' title='bbox 467 2807 577 2880; x_wconf 88' lang='lat' dir='ltr'>scripta</span> <span class='ocrx_word' id='word_1_364' title='bbox 591 2806 768 2884; x_wconf 84' lang='lat' dir='ltr'>mandamus</span> <span class='ocrx_word' id='word_1_365' title='bbox 779 2809 935 2876; x_wconf 84' lang='lat' dir='ltr'>quatenus,</span> <span class='ocrx_word' id='word_1_366' title='bbox 990 2800 1027 2856; x_wconf 90' lang='lat' dir='ltr'>de</span> <span class='ocrx_word' id='word_1_367' title='bbox 1043 2806 1124 2858; x_wconf 89' lang='lat' dir='ltr'>tanto</span> <span class='ocrx_word' id='word_1_368' title='bbox 1140 2817 1262 2859; x_wconf 85' lang='lat' dir='ltr'>excessu</span> <span class='ocrx_word' id='word_1_369' title='bbox 1278 2804 1308 2859; x_wconf 91' lang='lat' dir='ltr'>in</span> <span class='ocrx_word' id='word_1_370' title='bbox 1324 2819 1415 2860; x_wconf 92' lang='lat' dir='ltr'>manu</span> <span class='ocrx_word' id='word_1_371' title='bbox 1433 2808 1484 2859; x_wconf 90' lang='lat' dir='ltr'>tua</span> <span class='ocrx_word' id='word_1_372' title='bbox 1501 2803 1679 2876; x_wconf 87' lang='lat' dir='ltr'>juratoriam</span> <span class='ocrx_word' id='word_1_373' title='bbox 1698 2799 1815 2873; x_wconf 86' lang='lat' dir='ltr'>praesti-</span> 
     </span>
     <span class='ocr_line' id='line_1_43' title="bbox 107 2889 1815 2969; baseline -0.002 -23"><span class='ocrx_word' id='word_1_374' title='bbox 107 2892 132 2946; x_wconf 91' lang='lat' dir='ltr'>si</span> <span class='ocrx_word' id='word_1_375' title='bbox 148 2891 235 2948; x_wconf 80' lang='lat' dir='ltr'>vobis</span> <span class='ocrx_word' id='word_1_376' title='bbox 245 2895 413 2950; x_wconf 88' lang='lat' dir='ltr'>eonstiterit</span> <span class='ocrx_word' id='word_1_377' title='bbox 423 2901 617 2969; x_wconf 79' lang='lat' dir='ltr'>pretaxatam</span> <span class='ocrx_word' id='word_1_378' title='bbox 630 2899 661 2953; x_wconf 89' lang='lat' dir='ltr'>G.</span> <span class='ocrx_word' id='word_1_379' title='bbox 673 2894 773 2951; x_wconf 87' lang='lat' dir='ltr'>taliter</span> <span class='ocrx_word' id='word_1_380' title='bbox 782 2895 874 2952; x_wconf 89' lang='lat' dir='ltr'>fuisse</span> <span class='ocrx_word' id='word_1_381' title='bbox 884 2895 936 2951; x_wconf 90' lang='lat' dir='ltr'>de·</span> <span class='ocrx_word' id='word_1_382' title='bbox 990 2891 1060 2945; x_wconf 88' lang='lat' dir='ltr'>terit</span> <span class='ocrx_word' id='word_1_383' title='bbox 1074 2891 1254 2961; x_wconf 87' lang='lat' dir='ltr'>cautionem,</span> <span class='ocrx_word' id='word_1_384' title='bbox 1270 2892 1316 2948; x_wconf 86' lang='lat' dir='ltr'>vel</span> <span class='ocrx_word' id='word_1_385' title='bbox 1328 2892 1406 2948; x_wconf 88' lang='lat' dir='ltr'>infra</span> <span class='ocrx_word' id='word_1_386' title='bbox 1414 2892 1586 2964; x_wconf 89' lang='lat' dir='ltr'>quindecim</span> <span class='ocrx_word' id='word_1_387' title='bbox 1596 2891 1670 2947; x_wconf 90' lang='lat' dir='ltr'>alios</span> <span class='ocrx_word' id='word_1_388' title='bbox 1678 2889 1742 2946; x_wconf 88' lang='lat' dir='ltr'>dies</span> <span class='ocrx_word' id='word_1_389' title='bbox 1757 2889 1815 2943; x_wconf 88' lang='lat' dir='ltr'>iter</span> 
     </span>
     <span class='ocr_line' id='line_1_44' title="bbox 106 2979 1825 3059; baseline -0.002 -21"><span class='ocrx_word' id='word_1_390' title='bbox 106 2989 242 3055; x_wconf 89' lang='lat' dir='ltr'>ceptum,</span> <span class='ocrx_word' id='word_1_391' title='bbox 256 2984 292 3040; x_wconf 89' lang='lat' dir='ltr'>ab</span> <span class='ocrx_word' id='word_1_392' title='bbox 307 2985 372 3058; x_wconf 88' lang='lat' dir='ltr'>ipsa</span> <span class='ocrx_word' id='word_1_393' title='bbox 392 2989 569 3044; x_wconf 87' lang='lat' dir='ltr'>Namurcen.</span> <span class='ocrx_word' id='word_1_394' title='bbox 585 2987 756 3059; x_wconf 74' lang='lat' dir='ltr'>praebenda,</span> <span class='ocrx_word' id='word_1_395' title='bbox 780 3002 870 3058; x_wconf 87' lang='lat' dir='ltr'>quam</span> <span class='ocrx_word' id='word_1_396' title='bbox 886 2985 936 3042; x_wconf 88' lang='lat' dir='ltr'>diu</span> <span class='ocrx_word' id='word_1_397' title='bbox 990 2980 1151 3053; x_wconf 85' lang='lat' dir='ltr'>arripuerit</span> <span class='ocrx_word' id='word_1_398' title='bbox 1164 2981 1202 3038; x_wconf 88' lang='lat' dir='ltr'>ad</span> <span class='ocrx_word' id='word_1_399' title='bbox 1217 2981 1318 3038; x_wconf 88' lang='lat' dir='ltr'>sedem</span> <span class='ocrx_word' id='word_1_400' title='bbox 1328 2982 1522 3054; x_wconf 90' lang='lat' dir='ltr'>apostolicam</span> <span class='ocrx_word' id='word_1_401' title='bbox 1533 2979 1671 3037; x_wconf 86' lang='lat' dir='ltr'>veniendi</span> <span class='ocrx_word' id='word_1_402' title='bbox 1681 2979 1717 3035; x_wconf 89' lang='lat' dir='ltr'>de</span> <span class='ocrx_word' id='word_1_403' title='bbox 1732 2982 1825 3034; x_wconf 89' lang='lat' dir='ltr'>tanto&#39;</span> 
     </span>
     <span class='ocr_line' id='line_1_45' title="bbox 106 3067 1814 3149; baseline -0.004 -22"><span class='ocrx_word' id='word_1_404' title='bbox 106 3071 221 3128; x_wconf 90' lang='lat' dir='ltr'>dicitur</span> <span class='ocrx_word' id='word_1_405' title='bbox 242 3074 423 3146; x_wconf 88' lang='lat' dir='ltr'>possedisse,</span> <span class='ocrx_word' id='word_1_406' title='bbox 436 3081 535 3132; x_wconf 90' lang='lat' dir='ltr'>amoto</span> <span class='ocrx_word' id='word_1_407' title='bbox 551 3076 772 3149; x_wconf 82' lang='lat' dir='ltr'>consanguineo</span> <span class='ocrx_word' id='word_1_408' title='bbox 786 3077 880 3148; x_wconf 88' lang='lat' dir='ltr'>ipsius</span> <span class='ocrx_word' id='word_1_409' title='bbox 904 3075 934 3130; x_wconf 89' lang='lat' dir='ltr'>L.</span> <span class='ocrx_word' id='word_1_410' title='bbox 990 3068 1077 3124; x_wconf 90' lang='lat' dir='ltr'>nobis</span> <span class='ocrx_word' id='word_1_411' title='bbox 1092 3071 1298 3127; x_wconf 82' lang='lat' dir='ltr'>satisfacturus</span> <span class='ocrx_word' id='word_1_412' title='bbox 1315 3087 1447 3139; x_wconf 85' lang='lat' dir='ltr'>excessu,</span> <span class='ocrx_word' id='word_1_413' title='bbox 1464 3076 1586 3126; x_wconf 85' lang='lat' dir='ltr'>extunc</span> <span class='ocrx_word' id='word_1_414' title='bbox 1607 3085 1676 3125; x_wconf 90' lang='lat' dir='ltr'>eum</span> <span class='ocrx_word' id='word_1_415' title='bbox 1689 3067 1814 3140; x_wconf 79' lang='lat' dir='ltr'>singulis</span> 
     </span>
     <span class='ocr_line' id='line_1_46' title="bbox 106 3157 1817 3234; baseline -0.004 -19"><span class='ocrx_word' id='word_1_416' title='bbox 106 3161 152 3216; x_wconf 85' lang='lat' dir='ltr'>vel</span> <span class='ocrx_word' id='word_1_417' title='bbox 165 3161 302 3233; x_wconf 90' lang='lat' dir='ltr'>quolibet</span> <span class='ocrx_word' id='word_1_418' title='bbox 311 3163 370 3220; x_wconf 92' lang='lat' dir='ltr'>alio</span> <span class='ocrx_word' id='word_1_419' title='bbox 382 3164 486 3221; x_wconf 91' lang='lat' dir='ltr'>illicito</span> <span class='ocrx_word' id='word_1_420' title='bbox 497 3165 662 3234; x_wconf 89' lang='lat' dir='ltr'>detentore,</span> <span class='ocrx_word' id='word_1_421' title='bbox 674 3165 809 3222; x_wconf 90' lang='lat' dir='ltr'>eamdem</span> <span class='ocrx_word' id='word_1_422' title='bbox 821 3163 937 3221; x_wconf 90' lang='lat' dir='ltr'>sublato</span> <span class='ocrx_word' id='word_1_423' title='bbox 952 3161 978 3228; x_wconf 79' lang='lat' dir='ltr'>C</span> <span class='ocrx_word' id='word_1_424' title='bbox 993 3157 1098 3214; x_wconf 90' lang='lat' dir='ltr'>diebus</span> <span class='ocrx_word' id='word_1_425' title='bbox 1114 3160 1276 3216; x_wconf 85' lang='lat' dir='ltr'>Dominicis</span> <span class='ocrx_word' id='word_1_426' title='bbox 1295 3165 1325 3216; x_wconf 90' lang='lat' dir='ltr'>et</span> <span class='ocrx_word' id='word_1_427' title='bbox 1340 3160 1463 3229; x_wconf 83' lang='lat' dir='ltr'>festivis,</span> <span class='ocrx_word' id='word_1_428' title='bbox 1481 3159 1607 3232; x_wconf 89' lang='lat' dir='ltr'>pulsatis</span> <span class='ocrx_word' id='word_1_429' title='bbox 1619 3157 1772 3230; x_wconf 87' lang='lat' dir='ltr'>campanis</span> <span class='ocrx_word' id='word_1_430' title='bbox 1787 3159 1817 3211; x_wconf 91' lang='lat' dir='ltr'>et</span> 
     </span>
     <span class='ocr_line' id='line_1_47' title="bbox 106 3245 1818 3322; baseline -0.004 -17"><span class='ocrx_word' id='word_1_431' title='bbox 106 3249 321 3322; x_wconf 87' lang='lat' dir='ltr'>appellationis</span> <span class='ocrx_word' id='word_1_432' title='bbox 336 3251 489 3310; x_wconf 85' lang='lat' dir='ltr'>obstaculo</span> <span class='ocrx_word' id='word_1_433' title='bbox 504 3255 535 3309; x_wconf 89' lang='lat' dir='ltr'>G.</span> <span class='ocrx_word' id='word_1_434' title='bbox 560 3253 676 3311; x_wconf 89' lang='lat' dir='ltr'>faciatis</span> <span class='ocrx_word' id='word_1_435' title='bbox 690 3253 807 3310; x_wconf 87' lang='lat' dir='ltr'>restitui</span> <span class='ocrx_word' id='word_1_436' title='bbox 823 3269 935 3310; x_wconf 90' lang='lat' dir='ltr'>memo·</span> <span class='ocrx_word' id='word_1_437' title='bbox 988 3248 1273 3320; x_wconf 86' lang='lat' dir='ltr'>candelisaccensis,</span> <span class='ocrx_word' id='word_1_438' title='bbox 1285 3249 1376 3306; x_wconf 87' lang='lat' dir='ltr'>facias</span> <span class='ocrx_word' id='word_1_439' title='bbox 1390 3255 1509 3322; x_wconf 88' lang='lat' dir='ltr'>temper</span> <span class='ocrx_word' id='word_1_440' title='bbox 1519 3249 1668 3305; x_wconf 86' lang='lat' dir='ltr'>civitatem</span> <span class='ocrx_word' id='word_1_441' title='bbox 1678 3245 1818 3302; x_wconf 82' lang='lat' dir='ltr'>Mediola-</span> 
     </span>
     <span class='ocr_line' id='line_1_48' title="bbox 105 3337 1815 3416; baseline -0.002 -22"><span class='ocrx_word' id='word_1_442' title='bbox 105 3345 172 3394; x_wconf 92' lang='lat' dir='ltr'>rato</span> <span class='ocrx_word' id='word_1_443' title='bbox 189 3345 220 3396; x_wconf 89' lang='lat' dir='ltr'>et</span> <span class='ocrx_word' id='word_1_444' title='bbox 234 3341 373 3398; x_wconf 88' lang='lat' dir='ltr'>eamdem</span> <span class='ocrx_word' id='word_1_445' title='bbox 389 3343 484 3416; x_wconf 88' lang='lat' dir='ltr'>ipsius</span> <span class='ocrx_word' id='word_1_446' title='bbox 503 3343 629 3415; x_wconf 81' lang='lat' dir='ltr'>paciflua</span> <span class='ocrx_word' id='word_1_447' title='bbox 651 3343 840 3416; x_wconf 88' lang='lat' dir='ltr'>possessione</span> <span class='ocrx_word' id='word_1_448' title='bbox 863 3357 935 3416; x_wconf 82' lang='lat' dir='ltr'>gau·</span> <span class='ocrx_word' id='word_1_449' title='bbox 988 3355 1059 3394; x_wconf 91' lang='lat' dir='ltr'>nen.</span> <span class='ocrx_word' id='word_1_450' title='bbox 1077 3354 1166 3409; x_wconf 90' lang='lat' dir='ltr'>quam</span> <span class='ocrx_word' id='word_1_451' title='bbox 1182 3355 1235 3410; x_wconf 92' lang='lat' dir='ltr'>per</span> <span class='ocrx_word' id='word_1_452' title='bbox 1250 3343 1343 3397; x_wconf 90' lang='lat' dir='ltr'>totam</span> <span class='ocrx_word' id='word_1_453' title='bbox 1357 3339 1509 3396; x_wconf 86' lang='lat' dir='ltr'>dioeoesim</span> <span class='ocrx_word' id='word_1_454' title='bbox 1525 3337 1815 3394; x_wconf 84' lang='lat' dir='ltr'>excommunicatum</span> 
     </span>
     <span class='ocr_line' id='line_1_49' title="bbox 107 3421 1815 3502; baseline -0.002 -19"><span class='ocrx_word' id='word_1_455' title='bbox 107 3428 181 3484; x_wconf 89' lang='lat' dir='ltr'>dere</span> <span class='ocrx_word' id='word_1_456' title='bbox 195 3429 289 3486; x_wconf 87' lang='lat' dir='ltr'>nullis</span> <span class='ocrx_word' id='word_1_457' title='bbox 304 3430 423 3500; x_wconf 88' lang='lat' dir='ltr'>litteris,</span> <span class='ocrx_word' id='word_1_458' title='bbox 445 3437 501 3488; x_wconf 88' lang='lat' dir='ltr'>eto.</span> <span class='ocrx_word' id='word_1_459' title='bbox 527 3432 648 3498; x_wconf 89' lang='lat' dir='ltr'>Quodsi</span> <span class='ocrx_word' id='word_1_460' title='bbox 663 3448 778 3502; x_wconf 90' lang='lat' dir='ltr'>omnes,</span> <span class='ocrx_word' id='word_1_461' title='bbox 792 3437 824 3486; x_wconf 92' lang='lat' dir='ltr'>tu</span> <span class='ocrx_word' id='word_1_462' title='bbox 843 3429 935 3487; x_wconf 87' lang='lat' dir='ltr'>frater</span> <span class='ocrx_word' id='word_1_463' title='bbox 989 3421 1107 3500; x_wconf 87' lang='lat' dir='ltr'>publice</span> <span class='ocrx_word' id='word_1_464' title='bbox 1117 3427 1248 3483; x_wconf 89' lang='lat' dir='ltr'>nuntiari</span> <span class='ocrx_word' id='word_1_465' title='bbox 1262 3445 1269 3495; x_wconf 91' lang='lat'>;</span> <span class='ocrx_word' id='word_1_466' title='bbox 1285 3428 1385 3484; x_wconf 85' lang='lat' dir='ltr'>taliter</span> <span class='ocrx_word' id='word_1_467' title='bbox 1395 3443 1483 3500; x_wconf 90' lang='lat' dir='ltr'>super</span> <span class='ocrx_word' id='word_1_468' title='bbox 1496 3427 1731 3484; x_wconf 83' lang='lat' dir='ltr'>boamundatum</span> <span class='ocrx_word' id='word_1_469' title='bbox 1742 3441 1815 3496; x_wconf 88' lang='lat' dir='ltr'>apo-</span> 
     </span>
     <span class='ocr_line' id='line_1_50' title="bbox 107 3507 1815 3594; baseline -0.005 -19"><span class='ocrx_word' id='word_1_470' title='bbox 107 3519 345 3594; x_wconf 86' lang='lat' dir='ltr'>archiepisoope,</span> <span class='ocrx_word' id='word_1_471' title='bbox 361 3507 546 3580; x_wconf 87' lang='lat' dir='ltr'>cumeorum</span> <span class='ocrx_word' id='word_1_472' title='bbox 561 3523 665 3591; x_wconf 87' lang='lat' dir='ltr'>altero,</span> <span class='ocrx_word' id='word_1_473' title='bbox 682 3528 737 3579; x_wconf 89' lang='lat' dir='ltr'>etc.</span> <span class='ocrx_word' id='word_1_474' title='bbox 990 3515 1127 3572; x_wconf 89' lang='lat' dir='ltr'>stoliaum</span> <span class='ocrx_word' id='word_1_475' title='bbox 1142 3516 1330 3588; x_wconf 89' lang='lat' dir='ltr'>impleturus,</span> <span class='ocrx_word' id='word_1_476' title='bbox 1350 3533 1389 3573; x_wconf 88' lang='lat' dir='ltr'>ne</span> <span class='ocrx_word' id='word_1_477' title='bbox 1404 3516 1492 3588; x_wconf 88' lang='lat' dir='ltr'>culpa</span> <span class='ocrx_word' id='word_1_478' title='bbox 1512 3517 1606 3588; x_wconf 89' lang='lat' dir='ltr'>ipsius</span> <span class='ocrx_word' id='word_1_479' title='bbox 1620 3516 1652 3570; x_wconf 91' lang='lat' dir='ltr'>in</span> <span class='ocrx_word' id='word_1_480' title='bbox 1667 3521 1696 3572; x_wconf 90' lang='lat' dir='ltr'>te</span> <span class='ocrx_word' id='word_1_481' title='bbox 1720 3512 1815 3586; x_wconf 90' lang='lat' dir='ltr'>possit</span> 
     </span>
     <span class='ocr_line' id='line_1_51' title="bbox 458 3605 1286 3686; baseline -0.002 -24"><span class='ocrx_word' id='word_1_482' title='bbox 458 3629 588 3686; x_wconf 48' lang='lat' dir='ltr'>LXXXV·</span> <span class='ocrx_word' id='word_1_483' title='bbox 988 3605 1095 3661; x_wconf 77' lang='lat' dir='ltr'>merito</span> <span class='ocrx_word' id='word_1_484' title='bbox 1110 3605 1286 3676; x_wconf 69' lang='lat' dir='ltr'>retorqueri.</span> 
     </span>
     <span class='ocr_line' id='line_1_52' title="bbox 340 3689 1857 3776; baseline -0.003 -26"><span class='ocrx_word' id='word_1_485' title='bbox 340 3733 523 3776; x_wconf 60' lang='lat' dir='ltr'>mmm</span> <span class='ocrx_word' id='word_1_486' title='bbox 543 3735 712 3775; x_wconf 59' lang='lat' dir='ltr'>mmm</span> <span class='ocrx_word' id='word_1_487' title='bbox 1025 3694 1131 3750; x_wconf 86' lang='lat' dir='ltr'>Datum</span> <span class='ocrx_word' id='word_1_488' title='bbox 1159 3695 1258 3751; x_wconf 80' lang='lat' dir='ltr'>Romae</span> <span class='ocrx_word' id='word_1_489' title='bbox 1282 3693 1362 3768; x_wconf 91' lang='lat' dir='ltr'>apud</span> <span class='ocrx_word' id='word_1_490' title='bbox 1385 3694 1413 3752; x_wconf 88' lang='lat' dir='ltr'>S.</span> <span class='ocrx_word' id='word_1_491' title='bbox 1440 3696 1561 3750; x_wconf 85' lang='lat' dir='ltr'>Petrum</span> <span class='ocrx_word' id='word_1_492' title='bbox 1576 3692 1677 3749; x_wconf 90' lang='lat' dir='ltr'>Idibus</span> <span class='ocrx_word' id='word_1_493' title='bbox 1692 3689 1814 3764; x_wconf 84' lang='lat' dir='ltr'>Aprilis,</span> <span class='ocrx_word' id='word_1_494' title='bbox 1852 3734 1857 3743; x_wconf 79' lang='lat'>.</span> 
     </span>
    </p>
   </div>
   <div class='ocr_carea' id='block_1_6' title="bbox 145 3782 1503 3956">
    <p class='ocr_par' dir='ltr' id='par_1_6' title="bbox 145 3782 1503 3956">
     <span class='ocr_line' id='line_1_53' title="bbox 145 3782 1503 3896; baseline 0.002 -17"><span class='ocrx_word' id='word_1_495' title='bbox 145 3825 328 3881; x_wconf 71' lang='lat' dir='ltr'>recitatione</span> <span class='ocrx_word' id='word_1_496' title='bbox 346 3827 536 3896; x_wconf 80' lang='lat' dir='ltr'>Passaquerroe</span> <span class='ocrx_word' id='word_1_497' title='bbox 555 3827 687 3883; x_wconf 83' lang='lat' dir='ltr'>causidici</span> <span class='ocrx_word' id='word_1_498' title='bbox 707 3827 744 3882; x_wconf 87' lang='lat' dir='ltr'>ad</span> <span class='ocrx_word' id='word_1_499' title='bbox 757 3825 900 3883; x_wconf 85' lang='lat' dir='ltr'>dicendum</span> <span class='ocrx_word' id='word_1_500' title='bbox 989 3782 1182 3856; x_wconf 58' lang='lat' dir='ltr'>pomissmus</span> <span class='ocrx_word' id='word_1_501' title='bbox 1197 3783 1292 3839; x_wconf 56' lang='lat' dir='ltr'>‘mm</span> <span class='ocrx_word' id='word_1_502' title='bbox 1305 3798 1383 3842; x_wconf 58' lang='lat' dir='ltr'>amm</span> <span class='ocrx_word' id='word_1_503' title='bbox 1396 3783 1503 3856; x_wconf 56' lang='lat' dir='ltr'>prim</span> 
     </span>
     <span class='ocr_line' id='line_1_54' title="bbox 411 3890 1472 3956; baseline -0.008 -3"><span class='ocrx_word' id='word_1_504' title='bbox 411 3913 522 3954; x_wconf 85' lang='lat' dir='ltr'>oausam</span> <span class='ocrx_word' id='word_1_505' title='bbox 536 3900 636 3956; x_wconf 76' lang='lat' dir='ltr'>Rome.</span> <span class='ocrx_word' id='word_1_506' title='bbox 1327 3890 1472 3947; x_wconf 80' lang='lat' dir='ltr'>LXXXVI.</span> 
     </span>
    </p>
   </div>
   <div class='ocr_carea' id='block_1_7' title="bbox 109 3986 1819 4597">
    <p class='ocr_par' dir='ltr' id='par_1_7' title="bbox 109 3986 1819 4597">
     <span class='ocr_line' id='line_1_55' title="bbox 291 3986 1587 4060; baseline -0.005 -18"><span class='ocrx_word' id='word_1_507' title='bbox 291 3986 387 4059; x_wconf 77' lang='lat' dir='ltr'>(Apud</span> <span class='ocrx_word' id='word_1_508' title='bbox 401 3988 429 4043; x_wconf 87' lang='lat' dir='ltr'>S.</span> <span class='ocrx_word' id='word_1_509' title='bbox 446 3989 576 4056; x_wconf 88' lang='lat' dir='ltr'>Petrum,</span> <span class='ocrx_word' id='word_1_510' title='bbox 594 3987 636 4044; x_wconf 95' lang='lat' dir='ltr'>ld.</span> <span class='ocrx_word' id='word_1_511' title='bbox 652 3986 759 4060; x_wconf 78' lang='lat' dir='ltr'>April.)</span> <span class='ocrx_word' id='word_1_512' title='bbox 1221 3997 1434 4038; x_wconf 78' lang='lat' dir='ltr'>aaanmmscoro</span> <span class='ocrx_word' id='word_1_513' title='bbox 1453 3995 1587 4036; x_wconf 81' lang='lat' dir='ltr'>seucum.</span> 
     </span>
     <span class='ocr_line' id='line_1_56' title="bbox 144 4073 1817 4159; baseline -0.002 -19"><span class='ocrx_word' id='word_1_514' title='bbox 144 4073 397 4144; x_wconf 75' lang='lat' dir='ltr'>Benevolentiam,</span> <span class='ocrx_word' id='word_1_515' title='bbox 414 4091 504 4148; x_wconf 80' lang='lat' dir='ltr'>quan</span> <span class='ocrx_word' id='word_1_516' title='bbox 524 4076 603 4131; x_wconf 79' lang='lat' dir='ltr'>circe</span> <span class='ocrx_word' id='word_1_517' title='bbox 623 4075 817 4133; x_wconf 83' lang='lat' dir='ltr'>Mediolanen-</span> <span class='ocrx_word' id='word_1_518' title='bbox 834 4077 937 4134; x_wconf 80' lang='lat' dir='ltr'>Eccle-</span> <span class='ocrx_word' id='word_1_519' title='bbox 993 4087 1027 4141; x_wconf 76' lang='lat' dir='ltr'>ue</span> <span class='ocrx_word' id='word_1_520' title='bbox 1040 4087 1175 4142; x_wconf 73' lang='lat' dir='ltr'>meretum</span> <span class='ocrx_word' id='word_1_521' title='bbox 1187 4088 1331 4159; x_wconf 69' lang='lat' dir='ltr'>penelopa·</span> <span class='ocrx_word' id='word_1_522' title='bbox 1345 4093 1370 4142; x_wconf 78' lang='lat' dir='ltr'>a</span> <span class='ocrx_word' id='word_1_523' title='bbox 1385 4086 1558 4158; x_wconf 76' lang='lat' dir='ltr'>eaenpnora</span> <span class='ocrx_word' id='word_1_524' title='bbox 1573 4083 1641 4140; x_wconf 77' lang='lat' dir='ltr'>clere·</span> <span class='ocrx_word' id='word_1_525' title='bbox 1656 4101 1674 4140; x_wconf 85' lang='lat' dir='ltr'>a</span> <span class='ocrx_word' id='word_1_526' title='bbox 1689 4083 1776 4139; x_wconf 72' lang='lat' dir='ltr'>talleis</span> <span class='ocrx_word' id='word_1_527' title='bbox 1791 4087 1817 4138; x_wconf 82' lang='lat' dir='ltr'>et</span> 
     </span>
     <span class='ocr_line' id='line_1_57' title="bbox 109 4159 1583 4236; baseline -0.001 -17"><span class='ocrx_word' id='word_1_528' title='bbox 109 4165 185 4220; x_wconf 88' lang='lat' dir='ltr'>siam</span> <span class='ocrx_word' id='word_1_529' title='bbox 198 4169 229 4219; x_wconf 90' lang='lat' dir='ltr'>et</span> <span class='ocrx_word' id='word_1_530' title='bbox 243 4164 392 4222; x_wconf 72' lang='lat' dir='ltr'>civitatem</span> <span class='ocrx_word' id='word_1_531' title='bbox 404 4165 544 4234; x_wconf 71' lang='lat' dir='ltr'>perimus,</span> <span class='ocrx_word' id='word_1_532' title='bbox 556 4165 587 4220; x_wconf 91' lang='lat' dir='ltr'>iu</span> <span class='ocrx_word' id='word_1_533' title='bbox 599 4165 706 4220; x_wconf 92' lang='lat' dir='ltr'>minori</span> <span class='ocrx_word' id='word_1_534' title='bbox 719 4166 871 4236; x_wconf 90' lang='lat' dir='ltr'>quondam</span> <span class='ocrx_word' id='word_1_535' title='bbox 893 4167 938 4222; x_wconf 93' lang='lat' dir='ltr'>of·</span> <span class='ocrx_word' id='word_1_536' title='bbox 1221 4159 1408 4214; x_wconf 65' lang='lat' dir='ltr'>euacfiunlbus</span> <span class='ocrx_word' id='word_1_537' title='bbox 1419 4159 1583 4213; x_wconf 69' lang='lat' dir='ltr'>observetur·</span> 
     </span>
     <span class='ocr_line' id='line_1_58' title="bbox 110 4243 1683 4326; baseline -0.006 -19"><span class='ocrx_word' id='word_1_538' title='bbox 110 4253 178 4308; x_wconf 78' lang='lat' dir='ltr'>finio</span> <span class='ocrx_word' id='word_1_539' title='bbox 193 4253 347 4309; x_wconf 72' lang='lat' dir='ltr'>consulati</span> <span class='ocrx_word' id='word_1_540' title='bbox 360 4253 489 4326; x_wconf 88' lang='lat' dir='ltr'>inopere</span> <span class='ocrx_word' id='word_1_541' title='bbox 506 4252 776 4310; x_wconf 86' lang='lat' dir='ltr'>demonstravimus</span> <span class='ocrx_word' id='word_1_542' title='bbox 788 4257 816 4310; x_wconf 89' lang='lat' dir='ltr'>et</span> <span class='ocrx_word' id='word_1_543' title='bbox 826 4261 937 4311; x_wconf 80' lang='lat' dir='ltr'>nostre</span> <span class='ocrx_word' id='word_1_544' title='bbox 1124 4247 1218 4320; x_wconf 76' lang='lat' dir='ltr'>tdpud</span> <span class='ocrx_word' id='word_1_545' title='bbox 1234 4248 1262 4304; x_wconf 89' lang='lat' dir='ltr'>S.</span> <span class='ocrx_word' id='word_1_546' title='bbox 1279 4249 1410 4314; x_wconf 87' lang='lat' dir='ltr'>Petrum,</span> <span class='ocrx_word' id='word_1_547' title='bbox 1432 4263 1498 4302; x_wconf 90' lang='lat' dir='ltr'>xvm</span> <span class='ocrx_word' id='word_1_548' title='bbox 1513 4245 1576 4300; x_wconf 83' lang='lat' dir='ltr'>Kal.</span> <span class='ocrx_word' id='word_1_549' title='bbox 1593 4243 1683 4311; x_wconf 83' lang='lat' dir='ltr'>Maii.)</span> 
     </span>
     <span class='ocr_line' id='line_1_59' title="bbox 110 4335 1817 4417; baseline -0.002 -19"><span class='ocrx_word' id='word_1_550' title='bbox 110 4342 288 4398; x_wconf 83' lang='lat' dir='ltr'>intentionis</span> <span class='ocrx_word' id='word_1_551' title='bbox 303 4344 443 4399; x_wconf 81' lang='lat' dir='ltr'>affectum</span> <span class='ocrx_word' id='word_1_552' title='bbox 459 4343 645 4400; x_wconf 84' lang='lat' dir='ltr'>ostendimus</span> <span class='ocrx_word' id='word_1_553' title='bbox 660 4344 691 4398; x_wconf 86' lang='lat' dir='ltr'>in</span> <span class='ocrx_word' id='word_1_554' title='bbox 706 4345 821 4400; x_wconf 84' lang='lat' dir='ltr'>euecta.</span> <span class='ocrx_word' id='word_1_555' title='bbox 840 4346 939 4417; x_wconf 84' lang='lat' dir='ltr'>Nuper</span> <span class='ocrx_word' id='word_1_556' title='bbox 1027 4336 1204 4408; x_wconf 75' lang='lat' dir='ltr'>apostolice</span> <span class='ocrx_word' id='word_1_557' title='bbox 1220 4335 1299 4392; x_wconf 89' lang='lat' dir='ltr'>sedis</span> <span class='ocrx_word' id='word_1_558' title='bbox 1312 4335 1437 4407; x_wconf 81' lang='lat' dir='ltr'>requirit</span> <span class='ocrx_word' id='word_1_559' title='bbox 1451 4335 1613 4390; x_wconf 83' lang='lat' dir='ltr'>euetorites</span> <span class='ocrx_word' id='word_1_560' title='bbox 1623 4339 1656 4390; x_wconf 82' lang='lat' dir='ltr'>ut</span> <span class='ocrx_word' id='word_1_561' title='bbox 1668 4347 1733 4404; x_wconf 81' lang='lat' dir='ltr'>que</span> <span class='ocrx_word' id='word_1_562' title='bbox 1744 4345 1817 4384; x_wconf 85' lang='lat' dir='ltr'>eon-</span> 
     </span>
     <span class='ocr_line' id='line_1_60' title="bbox 111 4423 1818 4505; baseline -0.005 -19"><span class='ocrx_word' id='word_1_563' title='bbox 111 4431 203 4488; x_wconf 87' lang='lat' dir='ltr'>etiam</span> <span class='ocrx_word' id='word_1_564' title='bbox 215 4430 313 4488; x_wconf 85' lang='lat' dir='ltr'>divino</span> <span class='ocrx_word' id='word_1_565' title='bbox 322 4447 445 4488; x_wconf 90' lang='lat' dir='ltr'>munere</span> <span class='ocrx_word' id='word_1_566' title='bbox 452 4432 937 4505; x_wconf 88' lang='lat' dir='ltr'>adsummipontifloetusofllaium</span> <span class='ocrx_word' id='word_1_567' title='bbox 993 4425 1170 4482; x_wconf 78' lang='lat' dir='ltr'>firmationis</span> <span class='ocrx_word' id='word_1_568' title='bbox 1185 4425 1279 4498; x_wconf 81' lang='lat' dir='ltr'>ipsius</span> <span class='ocrx_word' id='word_1_569' title='bbox 1294 4425 1461 4482; x_wconf 88' lang='lat' dir='ltr'>munimine</span> <span class='ocrx_word' id='word_1_570' title='bbox 1473 4424 1648 4493; x_wconf 86' lang='lat' dir='ltr'>fulciuntur,</span> <span class='ocrx_word' id='word_1_571' title='bbox 1668 4424 1755 4480; x_wconf 89' lang='lat' dir='ltr'>firma</span> <span class='ocrx_word' id='word_1_572' title='bbox 1765 4423 1818 4478; x_wconf 90' lang='lat' dir='ltr'>de-</span> 
     </span>
     <span class='ocr_line' id='line_1_61' title="bbox 113 4513 1819 4597; baseline -0.004 -22"><span class='ocrx_word' id='word_1_573' title='bbox 113 4519 237 4588; x_wconf 87' lang='lat' dir='ltr'>evoaati,</span> <span class='ocrx_word' id='word_1_574' title='bbox 251 4520 331 4576; x_wconf 88' lang='lat' dir='ltr'>inter</span> <span class='ocrx_word' id='word_1_575' title='bbox 341 4521 406 4592; x_wconf 91' lang='lat' dir='ltr'>ipsa</span> <span class='ocrx_word' id='word_1_576' title='bbox 424 4527 532 4578; x_wconf 79' lang='lat' dir='ltr'>nostru</span> <span class='ocrx_word' id='word_1_577' title='bbox 544 4523 740 4594; x_wconf 88' lang='lat' dir='ltr'>promotionis</span> <span class='ocrx_word' id='word_1_578' title='bbox 751 4523 872 4579; x_wconf 87' lang='lat' dir='ltr'>exordia</span> <span class='ocrx_word' id='word_1_579' title='bbox 884 4540 935 4581; x_wconf 84' lang='lat' dir='ltr'>ro·</span> <span class='ocrx_word' id='word_1_580' title='bbox 950 4529 978 4595; x_wconf 87' lang='lat' dir='ltr'>D</span> <span class='ocrx_word' id='word_1_581' title='bbox 993 4515 1084 4572; x_wconf 78' lang='lat' dir='ltr'>heaut</span> <span class='ocrx_word' id='word_1_582' title='bbox 1098 4521 1127 4572; x_wconf 79' lang='lat' dir='ltr'>el</span> <span class='ocrx_word' id='word_1_583' title='bbox 1140 4513 1256 4571; x_wconf 76' lang='lat' dir='ltr'>illibata</span> <span class='ocrx_word' id='word_1_584' title='bbox 1270 4515 1429 4587; x_wconf 78' lang='lat' dir='ltr'>persistere</span> <span class='ocrx_word' id='word_1_585' title='bbox 1448 4529 1485 4597; x_wconf 82' lang='lat' dir='ltr'>ue</span> <span class='ocrx_word' id='word_1_586' title='bbox 1500 4513 1617 4586; x_wconf 83' lang='lat' dir='ltr'>possint</span> <span class='ocrx_word' id='word_1_587' title='bbox 1631 4513 1758 4586; x_wconf 89' lang='lat' dir='ltr'>alicujus</span> <span class='ocrx_word' id='word_1_588' title='bbox 1773 4519 1819 4568; x_wconf 91' lang='lat' dir='ltr'>te-</span> 
     </span>
    </p>
   </div>
   <div class='ocr_carea' id='block_1_8' title="bbox 114 4601 1818 4862">
    <p class='ocr_par' dir='ltr' id='par_1_8' title="bbox 114 4601 1818 4862">
     <span class='ocr_line' id='line_1_62' title="bbox 115 4601 1817 4685; baseline -0.001 -21"><span class='ocrx_word' id='word_1_589' title='bbox 115 4609 211 4666; x_wconf 86' lang='lat' dir='ltr'>leutes</span> <span class='ocrx_word' id='word_1_590' title='bbox 221 4609 361 4666; x_wconf 83' lang='lat' dir='ltr'>Ecclesiae</span> <span class='ocrx_word' id='word_1_591' title='bbox 372 4609 567 4667; x_wconf 86' lang='lat' dir='ltr'>Mediolanen.</span> <span class='ocrx_word' id='word_1_592' title='bbox 582 4610 939 4685; x_wconf 76' lang='lat' dir='ltr'>deferre,negotiumejus</span> <span class='ocrx_word' id='word_1_593' title='bbox 993 4606 1130 4661; x_wconf 70' lang='lat' dir='ltr'>maritale</span> <span class='ocrx_word' id='word_1_594' title='bbox 1145 4604 1266 4661; x_wconf 74' lang='lat' dir='ltr'>cassari·</span> <span class='ocrx_word' id='word_1_595' title='bbox 1276 4603 1370 4672; x_wconf 80' lang='lat' dir='ltr'>Unde,</span> <span class='ocrx_word' id='word_1_596' title='bbox 1387 4619 1453 4660; x_wconf 79' lang='lat' dir='ltr'>cum</span> <span class='ocrx_word' id='word_1_597' title='bbox 1466 4601 1644 4659; x_wconf 77' lang='lat' dir='ltr'>venerabilis</span> <span class='ocrx_word' id='word_1_598' title='bbox 1656 4602 1748 4658; x_wconf 74' lang='lat' dir='ltr'>frater</span> <span class='ocrx_word' id='word_1_599' title='bbox 1764 4619 1817 4659; x_wconf 81' lang='lat'>110-</span> 
     </span>
     <span class='ocr_line' id='line_1_63' title="bbox 114 4692 1816 4772; baseline -0.004 -18"><span class='ocrx_word' id='word_1_600' title='bbox 114 4698 195 4770; x_wconf 92' lang='lat' dir='ltr'>quod</span> <span class='ocrx_word' id='word_1_601' title='bbox 207 4715 242 4754; x_wconf 83' lang='lat' dir='ltr'>ex</span> <span class='ocrx_word' id='word_1_602' title='bbox 253 4699 359 4772; x_wconf 88' lang='lat' dir='ltr'>majori</span> <span class='ocrx_word' id='word_1_603' title='bbox 369 4705 453 4772; x_wconf 89' lang='lat' dir='ltr'>parte</span> <span class='ocrx_word' id='word_1_604' title='bbox 463 4699 939 4770; x_wconf 86' lang='lat' dir='ltr'>fueratimmutatum,indebitum</span> <span class='ocrx_word' id='word_1_605' title='bbox 994 4699 1055 4751; x_wconf 85' lang='lat' dir='ltr'>ster</span> <span class='ocrx_word' id='word_1_606' title='bbox 1069 4695 1225 4767; x_wconf 91' lang='lat' dir='ltr'>episcopus</span> <span class='ocrx_word' id='word_1_607' title='bbox 1239 4696 1398 4750; x_wconf 83' lang='lat' dir='ltr'>carnoten.</span> <span class='ocrx_word' id='word_1_608' title='bbox 1420 4692 1609 4766; x_wconf 83' lang='lat' dir='ltr'>presbyteros</span> <span class='ocrx_word' id='word_1_609' title='bbox 1624 4693 1655 4747; x_wconf 90' lang='lat' dir='ltr'>in</span> <span class='ocrx_word' id='word_1_610' title='bbox 1671 4707 1725 4748; x_wconf 89' lang='lat' dir='ltr'>sua</span> <span class='ocrx_word' id='word_1_611' title='bbox 1739 4693 1816 4748; x_wconf 83' lang='lat' dir='ltr'>dim-</span> 
     </span>
     <span class='ocr_line' id='line_1_64' title="bbox 114 4782 1818 4862; baseline -0.008 -13"><span class='ocrx_word' id='word_1_612' title='bbox 114 4793 226 4844; x_wconf 80' lang='lat' dir='ltr'>slutum</span> <span class='ocrx_word' id='word_1_613' title='bbox 240 4788 432 4845; x_wconf 81' lang='lat' dir='ltr'>reduximus:</span> <span class='ocrx_word' id='word_1_614' title='bbox 449 4789 480 4844; x_wconf 87' lang='lat' dir='ltr'>iu</span> <span class='ocrx_word' id='word_1_615' title='bbox 496 4804 554 4860; x_wconf 90' lang='lat' dir='ltr'>quo</span> <span class='ocrx_word' id='word_1_616' title='bbox 568 4790 748 4862; x_wconf 88' lang='lat' dir='ltr'>usqueadeo</span> <span class='ocrx_word' id='word_1_617' title='bbox 762 4790 816 4846; x_wconf 85' lang='lat' dir='ltr'>visi</span> <span class='ocrx_word' id='word_1_618' title='bbox 827 4789 939 4846; x_wconf 87' lang='lat' dir='ltr'>fuimus</span> <span class='ocrx_word' id='word_1_619' title='bbox 993 4783 1054 4840; x_wconf 86' lang='lat' dir='ltr'>cesi</span> <span class='ocrx_word' id='word_1_620' title='bbox 1065 4800 1119 4856; x_wconf 92' lang='lat' dir='ltr'>per</span> <span class='ocrx_word' id='word_1_621' title='bbox 1134 4785 1282 4840; x_wconf 88' lang='lat' dir='ltr'>Carnoten</span> <span class='ocrx_word' id='word_1_622' title='bbox 1308 4782 1469 4839; x_wconf 85' lang='lat' dir='ltr'>Pissiacen.</span> <span class='ocrx_word' id='word_1_623' title='bbox 1486 4787 1516 4838; x_wconf 87' lang='lat' dir='ltr'>et</span> <span class='ocrx_word' id='word_1_624' title='bbox 1530 4783 1653 4838; x_wconf 85' lang='lat' dir='ltr'>Dracen.</span> <span class='ocrx_word' id='word_1_625' title='bbox 1669 4782 1818 4838; x_wconf 78' lang='lat' dir='ltr'>archidia-</span> 
     </span>
    </p>
   </div>
   <div class='ocr_carea' id='block_1_9' title="bbox 993 4871 1818 5035">
    <p class='ocr_par' dir='ltr' id='par_1_9' title="bbox 993 4871 1818 5035">
     <span class='ocr_line' id='line_1_65' title="bbox 993 4871 1818 4941; baseline -0.004 -12"><span class='ocrx_word' id='word_1_626' title='bbox 993 4878 1117 4930; x_wconf 89' lang='lat' dir='ltr'>conatus</span> <span class='ocrx_word' id='word_1_627' title='bbox 1130 4873 1307 4930; x_wconf 87' lang='lat' dir='ltr'>constitutos</span> <span class='ocrx_word' id='word_1_628' title='bbox 1316 4872 1352 4928; x_wconf 87' lang='lat' dir='ltr'>ab</span> <span class='ocrx_word' id='word_1_629' title='bbox 1364 4873 1503 4928; x_wconf 89' lang='lat' dir='ltr'>omnibus</span> <span class='ocrx_word' id='word_1_630' title='bbox 1513 4871 1773 4941; x_wconf 85' lang='lat' dir='ltr'>violentiis,talleis</span> <span class='ocrx_word' id='word_1_631' title='bbox 1788 4875 1818 4926; x_wconf 88' lang='lat' dir='ltr'>et</span> 
     </span>
     <span class='ocr_line' id='line_1_66' title="bbox 993 4960 1817 5035; baseline -0.008 -15"><span class='ocrx_word' id='word_1_632' title='bbox 993 4962 1197 5020; x_wconf 86' lang='lat' dir='ltr'>exactionibus</span> <span class='ocrx_word' id='word_1_633' title='bbox 1208 4961 1326 5019; x_wconf 87' lang='lat' dir='ltr'>duxerit</span> <span class='ocrx_word' id='word_1_634' title='bbox 1334 4961 1530 5018; x_wconf 79' lang='lat' dir='ltr'>absolvendos</span> <span class='ocrx_word' id='word_1_635' title='bbox 1541 4961 1608 5035; x_wconf 80' lang='grc'><strong>(31),</strong></span> <span class='ocrx_word' id='word_1_636' title='bbox 1616 4960 1729 5018; x_wconf 90' lang='lat' dir='ltr'>eisdem</span> <span class='ocrx_word' id='word_1_637' title='bbox 1745 4975 1817 5015; x_wconf 89' lang='lat' dir='ltr'>con-</span> 
     </span>
    </p>
   </div>
   <div class='ocr_carea' id='block_1_10' title="bbox 113 4876 937 5041">
    <p class='ocr_par' dir='ltr' id='par_1_10' title="bbox 113 4876 937 5041">
     <span class='ocr_line' id='line_1_67' title="bbox 115 4876 937 4951; baseline 0.005 -19"><span class='ocrx_word' id='word_1_638' title='bbox 115 4877 251 4949; x_wconf 88' lang='lat' dir='ltr'>ejusdem</span> <span class='ocrx_word' id='word_1_639' title='bbox 275 4876 414 4934; x_wconf 80' lang='lat' dir='ltr'>Ecclesiae</span> <span class='ocrx_word' id='word_1_640' title='bbox 432 4877 558 4950; x_wconf 76' lang='lat' dir='ltr'>justitia</span> <span class='ocrx_word' id='word_1_641' title='bbox 584 4879 749 4951; x_wconf 82' lang='lat' dir='ltr'>providere,</span> <span class='ocrx_word' id='word_1_642' title='bbox 775 4884 809 4936; x_wconf 89' lang='lat' dir='ltr'>ut</span> <span class='ocrx_word' id='word_1_643' title='bbox 829 4881 937 4936; x_wconf 86' lang='lat' dir='ltr'>Passa-</span> 
     </span>
     <span class='ocr_line' id='line_1_68' title="bbox 113 4967 937 5041; baseline 0.005 -19"><span class='ocrx_word' id='word_1_644' title='bbox 113 4982 221 5040; x_wconf 79' lang='lat' dir='ltr'>guerra</span> <span class='ocrx_word' id='word_1_645' title='bbox 230 4967 397 5024; x_wconf 85' lang='lat' dir='ltr'>causidicus</span> <span class='ocrx_word' id='word_1_646' title='bbox 412 4972 480 5023; x_wconf 88' lang='lat' dir='ltr'>taus</span> <span class='ocrx_word' id='word_1_647' title='bbox 491 4967 527 5023; x_wconf 89' lang='lat' dir='ltr'>ad</span> <span class='ocrx_word' id='word_1_648' title='bbox 537 4968 628 5040; x_wconf 89' lang='lat' dir='ltr'>pedes</span> <span class='ocrx_word' id='word_1_649' title='bbox 638 4974 756 5026; x_wconf 90' lang='lat' dir='ltr'>nostros</span> <span class='ocrx_word' id='word_1_650' title='bbox 768 4969 937 5041; x_wconf 88' lang='lat' dir='ltr'>procidens,</span> 
     </span>
    </p>
   </div>
   <div class='ocr_carea' id='block_1_11' title="bbox 112 5055 939 5577">
    <p class='ocr_par' dir='ltr' id='par_1_11' title="bbox 112 5055 939 5577">
     <span class='ocr_line' id='line_1_69' title="bbox 112 5055 939 5128; baseline 0.004 -17"><span class='ocrx_word' id='word_1_651' title='bbox 112 5055 231 5128; x_wconf 86' lang='lat' dir='ltr'>publice</span> <span class='ocrx_word' id='word_1_652' title='bbox 256 5055 288 5110; x_wconf 92' lang='lat' dir='ltr'>in</span> <span class='ocrx_word' id='word_1_653' title='bbox 310 5055 486 5112; x_wconf 88' lang='lat' dir='ltr'>consistorio</span> <span class='ocrx_word' id='word_1_654' title='bbox 508 5056 687 5114; x_wconf 89' lang='lat' dir='ltr'>acclamaret</span> <span class='ocrx_word' id='word_1_655' title='bbox 703 5073 709 5112; x_wconf 77' lang='grc' dir='ltr'><em>τ</em></span> <span class='ocrx_word' id='word_1_656' title='bbox 725 5060 819 5114; x_wconf 79' lang='lat' dir='ltr'>rosus</span> <span class='ocrx_word' id='word_1_657' title='bbox 831 5073 867 5126; x_wconf 86' lang='lat' dir='ltr'>es,</span> <span class='ocrx_word' id='word_1_658' title='bbox 884 5061 939 5114; x_wconf 90' lang='lat' dir='ltr'>Do-</span> 
     </span>
     <span class='ocr_line' id='line_1_70' title="bbox 112 5147 937 5220; baseline 0.004 -19"><span class='ocrx_word' id='word_1_659' title='bbox 112 5149 185 5201; x_wconf 84' lang='lat' dir='ltr'>mine</span> <span class='ocrx_word' id='word_1_660' title='bbox 213 5151 239 5201; x_wconf 88' lang='lat' dir='ltr'>et</span> <span class='ocrx_word' id='word_1_661' title='bbox 260 5151 364 5201; x_wconf 81' lang='lat' dir='ltr'>rectum</span> <span class='ocrx_word' id='word_1_662' title='bbox 378 5147 518 5217; x_wconf 79' lang='lat' dir='ltr'>judicium</span> <span class='ocrx_word' id='word_1_663' title='bbox 542 5151 618 5203; x_wconf 83' lang='lat' dir='ltr'>tuum</span> <span class='ocrx_word' id='word_1_664' title='bbox 644 5148 727 5218; x_wconf 82' lang='lat' dir='ltr'>(Psal.</span> <span class='ocrx_word' id='word_1_665' title='bbox 752 5163 846 5216; x_wconf 84' lang='lat' dir='ltr'>cxvur,</span> <span class='ocrx_word' id='word_1_666' title='bbox 863 5148 937 5220; x_wconf 76' lang='lat' dir='ltr'>lit).</span> 
     </span>
     <span class='ocr_line' id='line_1_71' title="bbox 112 5233 938 5308; baseline 0.004 -18"><span class='ocrx_word' id='word_1_667' title='bbox 112 5235 271 5302; x_wconf 83' lang='lat' dir='ltr'>Caeterum,</span> <span class='ocrx_word' id='word_1_668' title='bbox 287 5249 355 5290; x_wconf 91' lang='lat' dir='ltr'>cum</span> <span class='ocrx_word' id='word_1_669' title='bbox 366 5233 646 5307; x_wconf 85' lang='lat' dir='ltr'>postmodumjuxta</span> <span class='ocrx_word' id='word_1_670' title='bbox 660 5241 795 5292; x_wconf 89' lang='lat' dir='ltr'>tenorem</span> <span class='ocrx_word' id='word_1_671' title='bbox 805 5251 938 5308; x_wconf 92' lang='lat' dir='ltr'>pronun-</span> 
     </span>
     <span class='ocr_line' id='line_1_72' title="bbox 114 5323 937 5394; baseline 0.007 -16"><span class='ocrx_word' id='word_1_672' title='bbox 114 5323 247 5381; x_wconf 88' lang='lat' dir='ltr'>tiationis</span> <span class='ocrx_word' id='word_1_673' title='bbox 262 5328 384 5394; x_wconf 79' lang='lat' dir='ltr'>nostre,</span> <span class='ocrx_word' id='word_1_674' title='bbox 401 5323 509 5380; x_wconf 88' lang='lat' dir='ltr'>dilecto</span> <span class='ocrx_word' id='word_1_675' title='bbox 525 5323 587 5380; x_wconf 82' lang='lat' dir='ltr'>tilio</span> <span class='ocrx_word' id='word_1_676' title='bbox 598 5325 699 5382; x_wconf 84' lang='lat' dir='ltr'>abbati</span> <span class='ocrx_word' id='word_1_677' title='bbox 709 5325 746 5382; x_wconf 88' lang='lat' dir='ltr'>de</span> <span class='ocrx_word' id='word_1_678' title='bbox 760 5326 878 5383; x_wconf 85' lang='lat' dir='ltr'>Scorula</span> <span class='ocrx_word' id='word_1_679' title='bbox 889 5343 937 5383; x_wconf 84' lang='lat' dir='ltr'>ex·</span> 
     </span>
     <span class='ocr_line' id='line_1_73' title="bbox 114 5412 939 5486; baseline 0.002 -16"><span class='ocrx_word' id='word_1_680' title='bbox 114 5429 222 5486; x_wconf 85' lang='lat' dir='ltr'>pensas</span> <span class='ocrx_word' id='word_1_681' title='bbox 233 5412 350 5470; x_wconf 89' lang='lat' dir='ltr'>restitui</span> <span class='ocrx_word' id='word_1_682' title='bbox 360 5413 538 5482; x_wconf 86' lang='lat' dir='ltr'>faceremus,</span> <span class='ocrx_word' id='word_1_683' title='bbox 558 5413 939 5486; x_wconf 86' lang='lat' dir='ltr'>licetsraquenteroblocu·</span> 
     </span>
     <span class='ocr_line' id='line_1_74' title="bbox 116 5501 938 5577; baseline 0.001 -18"><span class='ocrx_word' id='word_1_684' title='bbox 116 5503 214 5560; x_wconf 90' lang='lat' dir='ltr'>tiones</span> <span class='ocrx_word' id='word_1_685' title='bbox 224 5505 255 5560; x_wconf 88' lang='lat' dir='ltr'>et</span> <span class='ocrx_word' id='word_1_686' title='bbox 266 5501 466 5561; x_wconf 89' lang='lat' dir='ltr'>detractiones</span> <span class='ocrx_word' id='word_1_687' title='bbox 477 5502 612 5577; x_wconf 86' lang='lat' dir='ltr'>ejusdem</span> <span class='ocrx_word' id='word_1_688' title='bbox 622 5505 654 5560; x_wconf 91' lang='lat' dir='ltr'>P.</span> <span class='ocrx_word' id='word_1_689' title='bbox 666 5503 840 5576; x_wconf 86' lang='lat' dir='ltr'>frequenter</span> <span class='ocrx_word' id='word_1_690' title='bbox 849 5504 938 5562; x_wconf 90' lang='lat' dir='ltr'>dissi·</span> 
     </span>
    </p>
   </div>
   <div class='ocr_carea' id='block_1_12' title="bbox 150 5617 903 5696">
    <p class='ocr_par' dir='ltr' id='par_1_12' title="bbox 150 5617 903 5696">
     <span class='ocr_line' id='line_1_75' title="bbox 150 5617 903 5696; baseline 0.001 -20"><span class='ocrx_word' id='word_1_691' title='bbox 150 5619 210 5696; x_wconf 78' lang='lat'>(30)</span> <span class='ocrx_word' id='word_1_692' title='bbox 223 5619 258 5678; x_wconf 91' lang='lat' dir='ltr'>ln</span> <span class='ocrx_word' id='word_1_693' title='bbox 273 5618 361 5678; x_wconf 89' lang='lat' dir='ltr'>tertia</span> <span class='ocrx_word' id='word_1_694' title='bbox 380 5617 501 5677; x_wconf 84' lang='lat' dir='ltr'>Collect.</span> <span class='ocrx_word' id='word_1_695' title='bbox 519 5621 548 5676; x_wconf 90' lang='lat' dir='ltr'>et</span> <span class='ocrx_word' id='word_1_696' title='bbox 561 5618 640 5692; x_wconf 87' lang='lat' dir='ltr'>apud</span> <span class='ocrx_word' id='word_1_697' title='bbox 650 5619 767 5694; x_wconf 83' lang='lat' dir='ltr'>Gregor.</span> <span class='ocrx_word' id='word_1_698' title='bbox 784 5621 903 5682; x_wconf 77' lang='lat' dir='ltr'>tandum</span> 
     </span>
    </p>
   </div>
   <div class='ocr_carea' id='block_1_13' title="bbox 991 5048 1819 5577">
    <p class='ocr_par' dir='ltr' id='par_1_13' title="bbox 991 5048 1819 5577">
     <span class='ocr_line' id='line_1_76' title="bbox 992 5048 1817 5126; baseline -0.01 -16"><span class='ocrx_word' id='word_1_699' title='bbox 992 5053 1102 5110; x_wconf 90' lang='lat' dir='ltr'>cedens</span> <span class='ocrx_word' id='word_1_700' title='bbox 1113 5052 1192 5125; x_wconf 93' lang='lat' dir='ltr'>quod</span> <span class='ocrx_word' id='word_1_701' title='bbox 1204 5053 1234 5108; x_wconf 92' lang='lat' dir='ltr'>in</span> <span class='ocrx_word' id='word_1_702' title='bbox 1245 5053 1376 5125; x_wconf 87' lang='lat' dir='ltr'>aliquem</span> <span class='ocrx_word' id='word_1_703' title='bbox 1387 5052 1518 5126; x_wconf 91' lang='lat' dir='ltr'>ipsorum</span> <span class='ocrx_word' id='word_1_704' title='bbox 1530 5051 1759 5124; x_wconf 80' lang='lat' dir='ltr'>nullampraeter</span> <span class='ocrx_word' id='word_1_705' title='bbox 1765 5048 1817 5120; x_wconf 91' lang='lat' dir='ltr'>ju-</span> 
     </span>
     <span class='ocr_line' id='line_1_77' title="bbox 991 5140 1816 5216; baseline -0.008 -17"><span class='ocrx_word' id='word_1_706' title='bbox 991 5144 1033 5199; x_wconf 89' lang='lat' dir='ltr'>ris</span> <span class='ocrx_word' id='word_1_707' title='bbox 1046 5143 1181 5200; x_wconf 89' lang='lat' dir='ltr'>ordinem</span> <span class='ocrx_word' id='word_1_708' title='bbox 1197 5144 1401 5216; x_wconf 89' lang='lat' dir='ltr'>suspensionis</span> <span class='ocrx_word' id='word_1_709' title='bbox 1414 5143 1593 5199; x_wconf 89' lang='lat' dir='ltr'>sententiam</span> <span class='ocrx_word' id='word_1_710' title='bbox 1614 5140 1816 5214; x_wconf 84' lang='lat' dir='ltr'>promulgaret</span> 
     </span>
     <span class='ocr_line' id='line_1_78' title="bbox 992 5233 1816 5308; baseline 0 -18"><span class='ocrx_word' id='word_1_711' title='bbox 992 5251 1047 5292; x_wconf 89' lang='lat' dir='ltr'>nec</span> <span class='ocrx_word' id='word_1_712' title='bbox 1062 5253 1110 5292; x_wconf 89' lang='lat' dir='ltr'>res</span> <span class='ocrx_word' id='word_1_713' title='bbox 1124 5235 1251 5308; x_wconf 90' lang='lat' dir='ltr'>alicujus</span> <span class='ocrx_word' id='word_1_714' title='bbox 1266 5235 1422 5292; x_wconf 89' lang='lat' dir='ltr'>occasione</span> <span class='ocrx_word' id='word_1_715' title='bbox 1441 5234 1541 5306; x_wconf 89' lang='lat' dir='ltr'>aliqua</span> <span class='ocrx_word' id='word_1_716' title='bbox 1562 5239 1729 5305; x_wconf 86' lang='lat' dir='ltr'>occuparet,</span> <span class='ocrx_word' id='word_1_717' title='bbox 1757 5233 1816 5292; x_wconf 90' lang='lat' dir='ltr'>nisi</span> 
     </span>
     <span class='ocr_line' id='line_1_79' title="bbox 991 5323 1816 5396; baseline 0.002 -16"><span class='ocrx_word' id='word_1_718' title='bbox 991 5325 1067 5381; x_wconf 90' lang='lat' dir='ltr'>forte</span> <span class='ocrx_word' id='word_1_719' title='bbox 1082 5324 1240 5382; x_wconf 88' lang='lat' dir='ltr'>decederet</span> <span class='ocrx_word' id='word_1_720' title='bbox 1254 5326 1423 5391; x_wconf 88' lang='lat' dir='ltr'>intestatus,</span> <span class='ocrx_word' id='word_1_721' title='bbox 1437 5323 1514 5379; x_wconf 87' lang='lat' dir='ltr'>siout</span> <span class='ocrx_word' id='word_1_722' title='bbox 1529 5323 1635 5378; x_wconf 91' lang='lat' dir='ltr'>tamin</span> <span class='ocrx_word' id='word_1_723' title='bbox 1657 5338 1711 5378; x_wconf 90' lang='lat' dir='ltr'>suo</span> <span class='ocrx_word' id='word_1_724' title='bbox 1726 5341 1816 5396; x_wconf 91' lang='lat' dir='ltr'>quam</span> 
     </span>
     <span class='ocr_line' id='line_1_80' title="bbox 993 5411 1819 5488; baseline 0 -18"><span class='ocrx_word' id='word_1_725' title='bbox 993 5418 1044 5470; x_wconf 91' lang='lat' dir='ltr'>tuo</span> <span class='ocrx_word' id='word_1_726' title='bbox 1059 5415 1229 5472; x_wconf 89' lang='lat' dir='ltr'>authentico</span> <span class='ocrx_word' id='word_1_727' title='bbox 1244 5415 1450 5488; x_wconf 87' lang='lat' dir='ltr'>perspeximus</span> <span class='ocrx_word' id='word_1_728' title='bbox 1476 5411 1633 5480; x_wconf 87' lang='lat' dir='ltr'>contineri,</span> <span class='ocrx_word' id='word_1_729' title='bbox 1650 5418 1679 5468; x_wconf 92' lang='lat' dir='ltr'>et</span> <span class='ocrx_word' id='word_1_730' title='bbox 1693 5431 1758 5484; x_wconf 89' lang='lat' dir='ltr'>nos,</span> <span class='ocrx_word' id='word_1_731' title='bbox 1785 5421 1819 5470; x_wconf 91' lang='lat' dir='ltr'>ut</span> 
     </span>
     <span class='ocr_line' id='line_1_81' title="bbox 993 5500 1819 5577; baseline -0.001 -18"><span class='ocrx_word' id='word_1_732' title='bbox 993 5503 1030 5559; x_wconf 84' lang='lat' dir='ltr'>ab</span> <span class='ocrx_word' id='word_1_733' title='bbox 1040 5501 1173 5560; x_wconf 88' lang='lat' dir='ltr'>indebito</span> <span class='ocrx_word' id='word_1_734' title='bbox 1184 5503 1305 5560; x_wconf 90' lang='lat' dir='ltr'>illorum</span> <span class='ocrx_word' id='word_1_735' title='bbox 1315 5501 1483 5577; x_wconf 81' lang='lat' dir='ltr'>gravamine</span> <span class='ocrx_word' id='word_1_736' title='bbox 1494 5500 1819 5574; x_wconf 65' lang='lat' dir='ltr'>conquiescenduxen-</span> 
     </span>
    </p>
   </div>
   <div class='ocr_carea' id='block_1_14' title="bbox 1029 5621 1434 5694">
    <p class='ocr_par' dir='ltr' id='par_1_14' title="bbox 1029 5621 1434 5694">
     <span class='ocr_line' id='line_1_82' title="bbox 1029 5621 1434 5694; baseline 0.002 -19"><span class='ocrx_word' id='word_1_737' title='bbox 1029 5623 1084 5692; x_wconf 85' lang='grc'><strong>(31)</strong></span> <span class='ocrx_word' id='word_1_738' title='bbox 1102 5621 1171 5680; x_wconf 84' lang='lat' dir='ltr'>Vide</span> <span class='ocrx_word' id='word_1_739' title='bbox 1185 5637 1275 5693; x_wconf 89' lang='lat' dir='ltr'>supra</span> <span class='ocrx_word' id='word_1_740' title='bbox 1289 5621 1375 5694; x_wconf 86' lang='lat' dir='ltr'>epist.</span> <span class='ocrx_word' id='word_1_741' title='bbox 1389 5621 1434 5676; x_wconf 80' lang='lat'>45.</span> 
     </span>
    </p>
   </div>
   <div class='ocr_carea' id='block_1_15' title="bbox 0 0 1981 6036">
    <p class='ocr_par' dir='ltr' id='par_1_15' title="bbox 0 0 1981 6036">
     <span class='ocr_line' id='line_1_83' title="bbox 0 0 1981 6036; baseline 0 0"><span class='ocrx_word' id='word_1_742' title='bbox 0 0 1981 6036; x_wconf 95' lang='lat' dir='ltr'> </span> 
     </span>
    </p>
   </div>
  </div>
 </body>
</html>
