3952 6062
71 225 123 280 545

70 376 242 452 hujusmodi
257 377 339 434 robis
348 377 487 435 duximus
496 395 550 451 per
563 381 659 452 apost.
680 377 796 434 litteras
819 377 892 434 inti·
904 381 939 450 Α

69 467 189 524 manda.
202 468 332 541 inspiret
343 471 443 525 autem
458 467 541 524 vobis
559 469 611 524 ille
631 467 682 540 qui
706 468 762 538 via,
787 467 894 524 veritas

69 565 114 614 ast
129 563 159 616 et
172 557 241 626 rita,
256 563 289 614 nt
301 557 401 632 agnita
415 559 546 627 veritate,
559 575 624 631 quas
635 558 770 625 Qbristus
785 562 840 626 est,
855 555 894 613 ad

69 664 135 704 eam
151 647 252 704 venire
268 645 446 718 quantocius
459 645 616 704 festinetis.

102 738 211 793 ilatum
232 736 379 805 Laterani,
400 753 447 792 ιιιι
471 735 540 793 ldus
563 736 670 805 biartii,
695 739 777 808 pont.
797 735 892 792 nostri

67 842 146 883 anno
162 825 306 884 seeundo.

457 943 500 998 X.

323 1047 456 1088 CAPITULO
474 1047 634 1088 nurnberc.

66 1121 263 1193 Canflnnattnr
288 1121 444 1176 constitutio
466 1121 500 1207 de
523 1121 745 1192 quaarapenarta
777 1134 890 1176 namara

377 1207 580 1248 eenamcenam.

262 1281 422 1350 (Laterani,
437 1298 463 1337 ιι
481 1279 544 1338 llal.
560 1279 695 1353 Aprilis.)

98 1388 368 1446 constitutionibus
378 1403 444 1460 quae
455 1388 487 1442 in
497 1386 636 1443 Ecclesiis
644 1386 728 1442 factm
737 1384 888 1442 canonicis

62 1495 124 1534 non
140 1475 260 1534 abviant
274 1476 429 1542 institutis,
441 1491 508 1532 cum
519 1475 555 1531 ab
570 1474 733 1547 apostolica
745 1473 815 1530 sede
827 1489 888 1528 sna

61 1568 154 1624 robur
164 1565 399 1622 confirmationis
410 1568 592 1637 exspectant,
602 1563 733 1620 favorem
746 1561 889 1634 apostoli-

61 1674 130 1712 eum
145 1655 288 1712 libentius
298 1655 505 1727 impertimur,
516 1657 550 1709 ut
561 1669 597 1710 ea
611 1669 677 1725 quae
689 1668 743 1725 pro
754 1651 887 1724 ipsarum

590 223 843 282 PONTIFIGATUS
862 223 958 282 ANNO
976 224 1013 296 II,
1032 225 1171 286 annisu
1190 229 1270 284 ilat.

1027 485 1147 526 ιιιιιιτιιιο
1172 486 1263 526 aaroni
1282 486 1315 526 nr
1334 487 1482 527 serranus
1501 489 1692 536 omannunnu.

1065 559 1259 628 Quadrapinta
1277 575 1413 614 annamnr
1423 563 1555 632 possessio
1570 565 1650 620 ualet

1159 647 1318 718 (Laterani,
1335 665 1362 703 ιι
1376 648 1410 705 ld
1436 650 1556 723 biartii.)

980 734 1155 791 Postulastis
1178 751 1274 808 nuper
1297 753 1314 794 a
1337 736 1424 794 nobis
1446 743 1479 794 ut
1493 755 1592 796 eremo
1611 743 1769 802 Camaldu·

944 822 1020 880 lensi
1031 830 1062 880 et
1079 825 1218 882 Ecclesiis
1230 825 1297 881 aliis
1308 827 1345 882 ad
1360 827 1455 900 ipsam
1466 831 1671 900 spectantibus
1681 851 1771 907 super

944 912 1067 976 decimis
1080 915 1353 986 etpossesionibus,
1370 931 1443 988 quas
1458 934 1511 990 per
1526 935 1620 976 annos
1635 923 1768 993 quadra·

942 1003 1024 1074 ginta
1037 1003 1160 1075 pacifice
1188 1005 1396 1076 possederunt,
1422 1011 1547 1078 paterna
1567 1009 1712 1068 vellemus
1738 1013 1768 1070 in

942 1096 1095 1164 posterum
1108 1091 1308 1150 sollieitudine
1319 1093 1483 1166 providere,
1496 1103 1644 1173 quatenus
1654 1101 1769 1160 nuliius

943 1181 1095 1238 temeritas
1109 1181 1203 1253 possit
1212 1183 1432 1254 possessionem
1447 1201 1551 1242 earnm
1564 1203 1631 1259 quea
1643 1191 1767 1262 preami-

943 1270 1200 1342 simusimpedire.
1217 1273 1274 1327 Nos
1285 1272 1374 1343 igitur
1388 1273 1521 1332 volentes
1532 1275 1623 1348 justis
1644 1279 1766 1350 petitio-

942 1358 1030 1416 nibus
1039 1360 1143 1416 rsstris
1153 1359 1283 1416 favorem
1293 1362 1487 1433 apostolicum
1498 1364 1654 1438 impertiri,
1663 1366 1765 1424 distri-

942 1448 1018 1503 ctius
1032 1448 1207 1504 auctoritate
1221 1451 1413 1522 praesentium
1429 1451 1600 1512 inhibemus
1610 1472 1648 1514 ne
1658 1473 1708 1512 vos
1719 1459 1764 1514 rel

941 1538 1088 1596 Ecclesiae
1101 1544 1212 1596 vestras
1237 1557 1326 1612 super
1349 1541 1409 1596 illis
1433 1559 1499 1614 quae
1523 1544 1603 1602 bona
1628 1547 1686 1604 uda
1711 1565 1765 1621 per

941 1643 1032 1684 anaos
1060 1627 1256 1704 qnadraginta
1287 1631 1427 1688 continue
1451 1634 1625 1704 possedistis
1655 1637 1763 1710 aliquis

60 1741 883 1801 utilitatibusordinanturinconvulsamaneantfirmita·
900 1749 926 1816 Β
941 1722 1102 1790 imma)
1115 1717 1152 1774 ‘¹⁰
1167 1723 1273 1774 ὓωῑθῗθ
1296 1719 1465 1776 mesme-
1491 1722 1570 1778 Num
1590 1741 1669 1800 “802
1693 1733 1761 1797 θῑθι

60 1840 99 1900 te,
108 1839 138 1890 et
148 1849 215 1904 quae
224 1832 355 1890 stabilita
364 1830 782 1902 ratiocamitaturaliqnarnm
791 1835 885 1885 ncne-
940 1812 1050 1863 ³⁰⁵³OE
1064 1806 1362 1878 Pf⁰hibiii⁰¹15³20t⁰s

59 1924 134 1980 ritas
160 1938 221 1978 nan
237 1922 379 1978 infirmet.
395 1923 567 1993 Eapropter,
578 1920 677 1976 dilecti
702 1919 734 1975 in
757 1919 883 1976 Domino

60 2013 127 2080 filii,
141 2011 246 2068 restris
262 2010 354 2082 justis
378 2007 629 2082 postulationibus
653 2011 735 2082 grata
758 2023 884 2064 concur-

55 2107 158 2157 rentes
175 2115 309 2168 assensu,
321 2099 540 2155 institutionem
556 2115 645 2170 quam
667 2097 704 2153 da
719 2095 882 2170 quadrage-

55 2191 143 2247 nario
155 2189 367 2246 canonicorum
380 2203 505 2244 numero
521 2203 588 2245 cum
605 2202 730 2244 assensn
745 2185 882 2242 venerab.

50 2279 156 2336 fratris
166 2279 261 2335 nostri
277 2277 408 2350 episcopi
417 2277 517 2344 vestri,
528 2276 736 2333 consentiente
752 2273 883 2330 etassis-

52 2367 389 2426 tentebanaememoriae
395 2367 438 2421 W.
448 2365 671 2438 archiepiscopo
682 2363 883 2436 Burdogalen-

51 2459 75 2514 si
88 2465 120 2516 et
129 2459 186 2532 piae
197 2456 412 2516 recordationis
421 2456 548 2513 Hennae
571 2455 700 2528 quodam
719 2452 882 2510 Albanensi

49 2549 193 2620 episcopo
211 2551 280 2602 tune
291 2545 462 2619 apostolicas
478 2543 558 2600 sedis
581 2543 678 2616 legato
698 2541 881 2614 approbante

972 1897 1080 1952 Datum
1109 1897 1254 1966 Laterani,
1285 1915 1311 1954 vr
1336 1899 1405 1956 ldus
1431 1901 1537 1971 biartii,
1567 1904 1759 1976 pontificatus

937 1985 1030 2040 nostri
1041 2001 1120 2042 anna
1136 1986 1277 2043 secundo.

1310 2095 1384 2149 lllll.

1198 2197 1327 2238 nnrrnsn.
1351 2199 1495 2242 nrrsooro.

993 2271 1153 2326 Taenarias
1167 2272 1363 2342 appellationes
1376 2289 1430 2329 nan
1449 2282 1513 2330 sunt
1532 2279 1705 2348 recipienda.

1149 2358 1308 2430 (Laterani,
1325 2377 1361 2416 ιιι
1382 2361 1412 2418 ld
1428 2363 1547 2437 biartii.)

972 2447 1156 2519 benignitate
1164 2447 1243 2520 J'uris
1257 2449 1378 2521 plurimi
1389 2451 1477 2507 bodie
1491 2451 1657 2525 abutentes,
1674 2458 1704 2513 in
1715 2459 1760 2514 sui

937 2535 1258 2594 errorisdefensionem
1266 2545 1422 2596 assumunt
1430 2542 1547 2612 quodin
1556 2547 1760 2616 gravaminum

48 2637 197 2708 idipsum,
208 2636 239 2692 in
251 2634 384 2690 Ecclesia
393 2639 491 2688 restra
500 2631 624 2699 fecistis,
635 2632 713 2687 sicut
723 2631 882 2686 rationabi·
935 2624 1032 2681 fuerat
1045 2625 1256 2682 relevationem
1267 2628 1436 2696 inventum
1451 2634 1480 2685 et
1492 2636 1524 2685 ut
1535 2648 1657 2689 suorum
1670 2653 1758 2708 supe·

48 2726 123 2781 liter
131 2724 211 2782 facta
233 2729 288 2790 est,
299 2721 474 2778 auctoritate
492 2719 656 2792 apostoliea
670 2719 881 2776 confirmamus
935 2714 1048 2770 riorum
1062 2715 1760 2794 correctionemeludant,sineeausafrequenter

46 2821 78 2870 et
94 2812 255 2886 praesentis
267 2811 369 2883 scripti
383 2809 491 2884 pagina
505 2809 737 2876 communimus,
752 2809 882 2864 auctori·
935 2801 1175 2875 adapostolicam
1191 2803 1292 2862 sedem
1303 2806 1464 2878 appeliant.
1482 2809 1557 2866 Sane
1572 2811 1608 2866 ad
1633 2813 1759 2870 audien-

44 2909 113 2960 tate
129 2900 292 2974 apostolica
303 2899 467 2956 districtius
480 2898 651 2953 inhibentes
668 2913 706 2952 ne
716 2895 825 2968 aliquis
843 2895 880 2952 ad
935 2893 1006 2948 tiam
1013 2893 1194 2965 apostolatus
1205 2895 1439 2968 nostripernanit
1449 2897 1526 2969 quad
1539 2900 1661 2972 qnidam
1671 2902 1757 2958 cleri-

44 2990 255 3062 receptianem
266 2987 395 3060 aliquus
406 2987 485 3043 ultra
498 3001 656 3042 numerum
682 2985 879 3042 constitutum
934 2981 959 3038 ei
971 2983 1112 3038 Mutinen.
1121 2983 1257 3040 dioecesis
1267 2986 1529 3057 turpiausurarum
1542 2988 1625 3046 luera
1636 2999 1758 3064 captan-

44 3079 185 3152 qualibet
198 3093 248 3134 vas
264 3077 441 3140 temeritate,
459 3075 538 3132 salvo
554 3075 585 3129 in
599 3073 739 3131 omnibus
754 3080 878 3147 aposto·
934 3075 989 3138 tes,
1000 3070 1248 3129 fornicationibus
1256 3078 1286 3129 et
1300 3075 1454 3132 adulteriis
1466 3079 1495 3132 et
1504 3077 1571 3134 aliis
1581 3081 1758 3140 criminibus

44 3172 116 3227 licre
129 3168 209 3226 sedis
221 3166 372 3235 mandato,
388 3165 566 3238 compellat(
583 3165 642 3221 nisi
651 3165 726 3221 farte
739 3165 878 3221 Ecclesiae
934 3159 1565 3229 dediti,clericalemhonestateminbaneste
1574 3171 1759 3228 vivendadii·

45 3259 208 3316 facultates
224 3257 254 3312 in
265 3261 381 3313 tantum
393 3255 586 3314 excreverint.
598 3253 679 3325 quod
693 3268 796 3309 earum
811 3269 881 3325 pro·
934 3249 1066 3321 famant;
1079 3253 1109 3310 in
1118 3247 1192 3326 duos
1203 3255 1227 3309 si
1239 3253 1357 3326 quando
1369 3256 1510 3312 canonice
1522 3260 1757 3319 animadvertere

46 3345 302 3420 ventuspfuribus
311 3343 448 3400 sufficere
455 3341 880 3416 dignoscantur.l)ecernimus
933 3339 1157 3413 fertecolueris,
1171 3342 1208 3400 ad
1224 3343 1406 3400 audientiam
1425 3347 1594 3417 apostolicas
1613 3349 1692 3406 sedis
1704 3368 1757 3424 ap·

933 3428 1056 3500 pellant.
1073 3432 1146 3498 Quia
1160 3449 1228 3489 vero
1243 3432 1453 3506 appellationis
1463 3437 1629 3493 remedium
1643 3445 1688 3495 est
1711 3441 1759 3496 in·

933 3525 1053 3577 rentum
1069 3523 1173 3578 nonin
1188 3521 1344 3596 diffugium
1354 3523 1653 3598 malignantium,sed
1669 3529 1699 3584 in
1710 3545 1757 3586 re·

933 3609 1066 3666 medium
1080 3627 1302 3684 oppressorum,
1317 3611 1495 3669 fraternitati
1509 3620 1566 3670 tues
1581 3617 1757 3676 auctoritate

445 3723 494 3778 xl·
933 3701 1125 3770 praesentium
1135 3701 1312 3774 indulgenus
1325 3705 1359 3758 ut
1372 3701 1409 3758 ad
1425 3701 1530 3760 talium
1541 3707 1756 3765 correctionem

316 3829 457 3872 mmm·
478 3825 617 3868 ΜΘΝ),
795 3869 798 3876 Ι
933 3790 1119 3860 eanonicam,
1140 3791 1165 3846 si
1178 3805 1281 3846 earum
1304 3790 1431 3848 crimina
1453 3791 1564 3850 brerint
1587 3797 1756 3870 manifesta,

49 3913 87 3968 NG
112 3907 252 3966 manate
279 3905 361 3960 lim,
379 3883 445 3958 *sine
469 3901 575 3958 abbam
600 3899 712 3956 mm
736 3900 766 3954 ,n
794 3899 880 3956 alium
933 3877 1014 3932 omni
1025 3879 1225 3951 appellatione
1243 3885 1367 3949 remota,
1381 3881 1405 3936 si
1421 3897 1488 3937 raro
1511 3899 1572 3940 non
1598 3887 1756 3945 manifesta

330 3975 455 4030 ordinem
469 3973 601 4028 transire.
931 3963 1256 4043 luerint,appellatione
1266 3969 1455 4028 frustratoria
1465 3989 1526 4029 non
1535 3973 1756 4049 obstante,pro·

239 4063 462 4138 (Laterani,1nr
478 4060 541 4118 llal.
558 4059 692 4132 Aprilis.)
932 4056 1030 4114 cedas.
1044 4058 1121 4114 Nulli
1137 4075 1218 4132 ergo,
1235 4064 1291 4117 eto.

54 3454 137 3510 ergo,
154 3441 222 3503 ete,
237 3439 347 3490 nostras
362 3431 612 3497 confirmationis,
627 3434 682 3484 etc·

88 3527 195 3582 Datum
206 3521 354 3591 Laterani,
367 3538 395 3576 ιι
406 3520 469 3576 Kal.
484 3518 606 3592 Aprilis,
622 3517 813 3590 pontificatus
827 3534 880 3574 no-

52 3615 107 3673 stri
119 3629 199 3670 anno
214 3610 359 3669 secundo.

84 4174 244 4247 Proposita
259 4171 347 4228 nobis
367 4171 545 4228 dilectarum
568 4167 698 4224 tiliorum
720 4165 835 4224 abbatis
851 4173 881 4222 et

47 4269 211 4322 conventus
234 4261 335 4319 Sancti
355 4259 421 4317 nun
450 4257 638 4330 querimonia
667 4256 881 4314 demonstrarit

50 4354 131 4427 qnod
147 4356 182 4408 A.
196 4349 317 4410 tardani
333 4364 435 4406 eorum
455 4347 617 4404 canonieus
632 4344 735 4401 babitu
760 4344 877 4419 regula-

48 4445 128 4501 rium
140 4440 353 4500 canonicorum
365 4437 486 4510 reJ'eato,
498 4436 562 4492 sine
574 4433 689 4492 abbatis
700 4435 745 4492 sui
755 4435 877 4492 licentia

47 4534 78 4588 in
86 4529 270 4588 manasterio
279 4526 450 4584 llaileacen.
463 4524 594 4597 suscepit
603 4523 739 4581 ordinem
750 4528 781 4580 et
790 4539 878 4597 regu-

46 4623 107 4679 lam
120 4619 346 4678 monachorum.
360 4617 433 4670 Cum
448 4614 539 4687 igitur
544 4613 630 4686 juxta
642 4613 801 4670 canonicas
807 4629 877 4668 san-

47 4713 163 4768 ctiones
172 4705 302 4782 religiosi
313 4701 448 4762 canonici
460 4719 521 4757 non
533 4700 694 4757 credantur
704 4701 875 4758 acousortio

48 4805 220 4858 sanctorum
235 4792 452 4852 monachorum
468 4791 607 4864 sejuncti,
620 4789 798 4846 fraternitati
818 4793 875 4846 tuae

47 4907 100 4963 per
114 4885 282 4962 apostolica
294 4882 407 4955 scripta
419 4879 596 4936 mandamus
606 4882 766 4950 quatenus,
779 4878 803 4934 si
822 4878 875 4934 tibi

47 4975 218 5036 constiterit
228 4975 265 5032 de
276 4970 452 5046 premissis,
460 4968 637 5042 jamdictum
650 4967 828 5024 canonicum
838 4967 876 5023 ad

48 5066 213 5124 Ecclesiam
235 5059 334 5118 redire
357 5059 500 5132 priorem,
525 5058 691 5114 monitione
711 5057 875 5128 premissa,

47 5171 267 5230 percensuram
280 5148 527 5215 eeclesiasticam,
539 5146 740 5219 appellatione
750 5151 875 5212 remota,

48 5243 230 5318 compellas;
246 5241 298 5298 ubi
311 5245 341 5295 et
353 5237 560 5294 memorialem
576 5235 724 5292 cucullam
740 5251 808 5290 eum
824 5235 876 5290 de-

45 5335 123 5392 ierre
138 5331 231 5390 facias
247 5336 276 5386 et
291 5328 430 5384 ultimum
442 5327 472 5382 in
490 5327 581 5382 choro
603 5340 744 5392 manere(
768 5329 802 5379 ut
824 5339 875 5378 ex-

48 5424 147 5496 emplo
163 5421 228 5494 ejus
242 5417 292 5476 alii
306 5416 416 5474 similia
426 5432 487 5471 non
498 5419 657 5471 attentent.

84 5517 191 5571 ilatum
202 5509 347 5576 Laterani,
363 5523 411 5562 ιιιιι
432 5504 555 5562 Kalend.
577 5502 697 5576 Aprilis,
717 5501 874 5575 pontifica-

51 5609 100 5660 tus
110 5600 205 5658 nostri
221 5614 300 5656 anno
316 5593 458 5652 secondo.

211 5717 332 5772 Parnon.
352 5710 456 5770 CCXIV

967 4148 1073 4204 Datum
1089 4148 1235 4218 Laterani,
1248 4165 1286 4204 ιιι
1301 4149 1370 4206 Idus
1386 4151 1491 4207 biartii,

1180 4370 1328 4410 ananurtu.
1355 4371 1498 4411 briscono.

981 4444 1020 4500 Ne
1044 4445 1210 4500 incendiarii
1237 4450 1262 4499 et
1284 4445 1510 4500 acceamrnunteati
1535 4447 1565 4500 in
1587 4447 1707 4504 ecclesia.

1253 4515 1434 4584 sepeliantur.

1109 4602 1268 4676 (Laterani,
1290 4617 1336 4655 xvi
1359 4601 1422 4658 Kal.
1441 4602 1576 4678 Aprilis.)

965 4700 1009 4757 Ad
1025 4699 1208 4756 audientiam
1219 4705 1351 4756 nostram
1364 4701 1479 4759 noveris
1489 4706 1658 4776 pervenisse
1672 4710 1751 4780 quod

930 4791 961 4846 in
972 4795 1023 4844 tua
1032 4789 1165 4856 diaecesi,
1176 4794 1279 4845 eo'ntra
1294 4791 1463 4848 sanctiones
1476 4795 1634 4852 canonicas
1645 4803 1675 4853 et
1685 4816 1755 4856 con·

930 4876 1119 4934 suetudinem
1129 4876 1272 4933 hactenus
1288 4879 1492 4952 approbatam,
1503 4887 1752 4943 excommunicati

930 4971 1051 5038 propter
1059 4965 1170 5022 crimen
1180 4965 1754 5039 incendiiperviolentiamlaicalemtra·

929 5053 1041 5109 duntur
1051 5054 1210 5125 sepulturae
1218 5055 1435 5114 ecclesiastiae.
1444 5061 1592 5126 Qniavero
1604 5060 1633 5117 id
1643 5062 1755 5116 redun-

930 5143 981 5198 dat
993 5143 1023 5198 in
1035 5143 1233 5200 Ecclesiarum
1241 5147 1375 5202 omnium
1383 5150 1491 5222 etjuris
1502 5149 1754 5206 ecelesiasticilas-

930 5225 1753 5312 sionem,fraternitatituaeparapostolieasoriptaman-

930 5322 1034 5380 damus
1050 5331 1079 5381 et
1091 5325 1223 5381 districte
1231 5327 1422 5398 precipimus
1448 5333 1595 5398 quatenns
1611 5345 1647 5384 ex
1671 5333 1755 5400 parte

929 5419 1033 5470 nostra
1048 5413 1181 5470 districte
1202 5415 1337 5471 inhibeas
1353 5431 1390 5470 ne
1407 5417 1457 5486 qni
1478 5417 1754 5474 excommunicatos

928 5502 1756 5574 hujusmodiineoemeterioaudeantecclesiastieotumu-

929 5591 1003 5649 lare.
1015 5593 1098 5658 Quod
1107 5592 1236 5650 sisecus.
1249 5591 1328 5665 quad
1337 5607 1398 5648 nan
1412 5593 1571 5666 eredimus,
1580 5595 1753 5654 breritiorte

1631 5715 1664 5770 ¹8
