3952 6056
86 260 134 314 nr
606 251 860 312 ronrmelrus
878 252 975 313 suno
993 253 1016 323 1,
1037 213 1176 314 cuarsrr
1194 257 1274 317 ires.
1737 257 1788 314 ios

17 397 18 406 ¹
82 382 192 438 suusiu
204 380 372 454 periculum
382 380 490 438 animae
502 395 563 438 suu
578 397 596 436 a
610 385 650 450 te,
661 377 732 436 dum
743 381 856 442 redires
871 379 906 436 ab
920 382 950 448 Α
966 379 1284 457 thesaurumdecypro
1294 384 1429 440 habitum
1440 387 1491 440 tua
1501 383 1557 440 sibi
1569 383 1788 440 communicare

83 470 305 542 obsequioJesu
316 470 435 538 Christi,
444 487 498 542 pro
508 469 714 541 redemptione
733 475 783 526 tua
796 468 909 524 violen·
964 467 1276 546 nolueritmagnitudo
1288 492 1296 541 3
1310 475 1370 530 imo
1385 475 1416 530 in
1432 474 1641 530 transmarinis
1655 473 1790 546 partibus

83 559 302 628 terextorsit‚et
311 559 341 615 in
349 559 455 616 ultima
463 559 612 616 voluntate
624 558 912 631 peanitentiaductus
964 557 1110 616 damnaei
1122 561 1252 633 plurimu
1261 568 1289 618 et
1299 563 1424 634 injurias
1434 563 1588 636 irrogarat,
1598 579 1667 618 suos
1678 562 1790 618 milites

17 637 18 640 ¹
81 665 133 721 per
144 649 287 705 eumdem
297 649 393 704 lilium
402 665 488 704 suum
498 648 551 703 tibi
561 648 778 703 restituendam
787 645 911 702 manda·
964 646 1024 701 imo
1035 651 1273 722 consanguineos
1285 651 1340 715 (86)
1353 652 1389 708 ab
1402 653 1496 724 ipsius
1513 651 1668 708 devotione
1684 656 1713 707 et
1727 668 1791 707 ser·

80 737 128 804 rit,
141 736 320 792 auctoritate
339 737 502 808 apostolica
522 752 711 810 cogeremus;
724 735 840 792 noveris
855 751 911 790 nos
964 737 1033 792 vitio
1043 737 1789 813 subtrahendo,propterquodnonsineconfusione

80 823 911 898 eidemnostrislitteris(83)injunxisseutprmdictampe·
965 827 1788 902 suaooactuslueratadpropriaremeareildjecitetiam

79 913 201 968 cuniam
209 911 453 970 sinediltlcnltate
460 911 752 984 qualibetrestituere
759 909 911 966 nonomit·
965 913 1043 984 quod
1055 913 1103 970 uhi
1115 918 1270 974 restitutus
1279 917 1360 974 luisti
1372 919 1498 991 proprias
1515 919 1657 987 libertati,
1670 935 1738 976 cum
1754 935 1787 974 eo

79 1005 130 1068 lat,
140 1000 279 1072 alioquin
289 1001 450 1058 venerabili
461 999 546 1057 lratri
556 1005 659 1057 nostro
671 999 911 1072 Salzburgeuar-
965 1019 1053 1074 super
1064 1003 1201 1060 omnihus
1213 1006 1343 1076 querelis
1353 1006 1504 1062 voluntate
1516 1011 1680 1078 spontanea
1691 1013 1787 1063 trans-

79 1091 273 1162 chiepiscopo
284 1091 391 1146 litteris
403 1089 514 1147 nostris
524 1089 708 1162 injungimus
719 1094 752 1144 ut
763 1087 861 1160 ipsum
872 1085 910 1142 ad
963 1091 1058 1163 egisti.
1075 1093 1150 1157 Quin
1166 1095 1276 1165 potius,
1292 1101 1359 1167 post
1372 1112 1476 1168 pacem
1491 1095 1655 1152 adinvicem
1668 1095 1787 1165 iactam,
1872 1084 1875 1090 ¹

78 1177 303 1235 restitutionem
319 1177 454 1250 ejusdem
467 1176 775 1248 pecunimlnciendam
788 1179 911 1230 moneat
963 1180 1057 1235 multa
1080 1180 1132 1235 tibi
1156 1187 1253 1237 costra
1275 1181 1312 1238 de
1334 1199 1416 1238 mera
1430 1183 1607 1240 liberalitate
1621 1183 1748 1239 donavit.
1765 1185 1787 1238 E

78 1263 908 1341 diligentiusetindueat‚etperseveritatemecclesiasti·
962 1269 1788 1342 contraveroprrsdictinuntiiserenitatistumnihilomi-

78 1371 144 1410 cam
160 1343 364 1428 appellatione
380 1362 506 1422 remota,
517 1354 688 1427 compellat.
704 1354 814 1410 Verum
839 1351 909 1424 quia
962 1373 1019 1414 uus
1029 1374 1195 1429 proponere
1204 1365 1375 1416 constanter
1383 1345 1558 1416 curaverunt
1569 1360 1648 1432 quod
1658 1361 1785 1432 postire·

79 1440 909 1516 circapersouamnobilisviriducisSueviaequaedamau·
961 1445 1785 1521 duspriusinitaeetjuramentollrmataesocielatis,idem

79 1533 210 1590 divimus
219 1533 385 1602 immutata,
397 1534 494 1589 eidem
503 1533 539 1589 ad
550 1549 682 1606 praesens
700 1532 910 1588 scriberecau-
961 1553 1014 1592 rex
1028 1537 1159 1595 Francia
1175 1537 1228 1592 tibi
1243 1537 1359 1609 primus
1371 1537 1513 1610 injuriam
1530 1537 1691 1606 intulisset,
1706 1538 1786 1610 apud

78 1622 138 1680 tela
147 1621 330 1694 prohibente
342 1622 530 1694 nequivimus
541 1627 574 1677 ut
580 1621 666 1694 juxta
675 1619 908 1693 postulationem
961 1625 1126 1683 Messanam
1140 1625 1276 1682 videlicet
1291 1642 1298 1680 :
1315 1625 1365 1681 ubi
1379 1626 1599 1700 insurgentibus
1614 1627 1786 1683 hominibus

78 1709 806 1784 tuampecuniamqnamnteilenricus,quondam
817 1709 907 1780 impe·
924 1713 1107 1811 BTancredi
1122 1715 1200 1788 regis
1215 1715 1245 1770 in
1262 1719 1339 1783 tuos,
1350 1714 1386 1770 de
1402 1715 1664 1786 impendendotibi
1675 1717 1786 1772 auxilio

76 1799 267 1868 rator,lrater
275 1799 367 1871 ipsius
377 1803 481 1856 contra
489 1800 582 1854 ileum
590 1803 620 1854 et
627 1798 791 1870 periculum
800 1797 907 1854 animm
963 1802 1135 1872 requisitus,
1145 1820 1205 1859 non
1222 1803 1318 1859 solum
1334 1802 1492 1870 deiecerat,
1505 1803 1556 1858 sed
1568 1804 1657 1859 etiam
1668 1806 1788 1878 propria

79 1906 138 1944 snae
147 1894 317 1944 extorserat
325 1887 480 1955 violenter,
493 1887 563 1943 dum
572 1887 607 1942 de
622 1886 829 1942 transmarinis
842 1902 908 1957 par·
962 1906 1052 1947 manu
1064 1892 1167 1948 tresde
1176 1892 1347 1948 hominibus
1359 1893 1417 1948 tuis
1430 1891 1581 1947 occiderat
1589 1908 1655 1947 cunr
1667 1892 1783 1950 balista

78 1977 156 2034 tibus
169 1995 332 2045 remeares,
346 1975 468 2033 deberet
483 1976 535 2031 tibi
550 1974 724 2042 restituere,
741 1975 907 2048 prasertim
961 1981 1032 2036 Post
1046 1981 1126 2052 quod
1140 1982 1251 2040 factum
1266 1999 1334 2038 cum
1350 1999 1381 2038 se
1395 1982 1580 2055 planitudine
1593 1981 1660 2038 duci
1676 1999 1788 2040 assere·

78 2085 145 2123 cum
154 2066 292 2140 ejusdem
300 2067 400 2122 fratris
411 2067 456 2122 sui
465 2065 665 2122 thesaurusad
676 2069 832 2122 cumesset
842 2065 907 2138 ipso
961 2073 1017 2137 rot,
1028 2070 1107 2126 inter
1121 2089 1170 2128 vos
1185 2073 1282 2145 pactio
1297 2071 1468 2128 intercessit
1478 2089 1484 2125 :
1494 2071 1525 2127 in
1541 2088 1600 2143 qua
1615 2089 1668 2144 pro
1684 2072 1787 2129 decem

77 2164 197 2212 mortuo
213 2156 382 2224 devolutus,
398 2156 505 2228 etipse
522 2154 567 2210 vel
590 2155 686 2210 beares
703 2153 752 2221 sit,
766 2153 811 2208 vel
827 2159 908 2209 tutor
961 2157 1094 2215 millibus
1104 2159 1235 2214 marchis
1250 2159 1375 2233 argenti,
1386 2177 1461 2231 quas
1471 2160 1498 2216 ei
1509 2159 1633 2216 reddere
1649 2161 1787 2234 promisi·

77 2241 907 2316 heredisllerumlamenscribimus(8ttvenerabilifratri
964 2246 1174 2319 supradictus
1184 2248 1470 2304 rexacontrahendo
1480 2264 1655 2305 cumsorore
1667 2266 1787 2306 suarna·

77 2329 906 2408 nostrohlagdeburgen.archiepiscopo‚utducemipsum
964 2337 1102 2393 trimonio
1118 2344 1147 2393 te
1160 2337 1294 2406 absolvit,
1310 2342 1339 2392 et
1354 2337 1514 2392 Gisortium
1539 2353 1606 2394 oum
1622 2337 1785 2396 chassino

75 2419 906 2496 adrestituendampecuniamipsammoneatdiligentius
961 2424 1013 2480 tibi
1025 2427 1160 2498 quietum
1170 2427 1201 2481 in
1211 2430 1388 2498 perpetuum
1397 2426 1520 2482 omnino
1531 2426 1655 2482 dimisit.
1666 2431 1786 2485 Assera·

77 2523 104 2572 et
112 2515 393 2587 inducatlllioquin
401 2519 514 2570 tantam
524 2511 734 2586 injuriamuon
742 2512 906 2584 poterimus
959 2515 1032 2570 bant
1055 2515 1172 2586 quoque
1197 2515 1233 2570 de
1253 2515 1394 2570 thesauro
1415 2515 1513 2587 Cypri,
1529 2520 1559 2570 et
1573 2515 1610 2571 de
1625 2519 1785 2588 pecuniae

75 2605 127 2660 sub
140 2603 382 2661 dissimulatione
393 2603 519 2659 transire
529 2603 600 2675 quin
612 2601 643 2655 in
653 2599 905 2656 eumdemducem
959 2602 1109 2660 Taucredo
1123 2603 1233 2671 habita,
1244 2609 1444 2676 praeterquam
1458 2603 1494 2658 de
1508 2604 1577 2659 dote
1601 2606 1711 2661 sororis
1727 2611 1784 2660 tum

75 2699 104 2748 et
118 2701 233 2749 terram
248 2693 314 2766 ejus
324 2691 388 2747 sine
406 2690 567 2764 cujuslibet
580 2689 753 2761 acceptione
767 2703 904 2759 personas
959 2692 982 2761 l,
991 2690 1115 2748 illustris
1126 2692 1278 2765 quondum
1289 2692 1398 2766 regium
1409 2692 1527 2760 Sicilia,
1538 2693 1635 2750 eidem
1645 2695 1717 2767 regi,
1728 2695 1785 2750 sic·

75 2785 171 2842 nostri
181 2777 903 2840 ofliciidebitumetseveritatemcuremuseccle·
958 2787 992 2837 nt
1003 2781 1039 2836 de
1055 2781 1180 2849 crateris,
1196 2780 1234 2838 ad
1247 2781 1429 2838 voluntatem
1443 2785 1523 2837 tuam
1543 2781 1719 2853 plenissime
1736 2801 1782 2840 sa·

75 2867 905 2944 siastieam,siontjastumluerit,exercere.lusuperscri·
959 2868 1108 2925 tisiactum
1121 2887 1128 2924 ε
1139 2869 1181 2926 ita
1190 2869 1269 2940 quod
1288 2885 1356 2924 cum
1370 2868 1530 2941 praedictus
1539 2887 1590 2928 rex
1605 2871 1736 2927 Francia
1747 2870 1783 2928 ab

76 2961 175 3017 bimus
191 2962 259 3034 (85),
273 2959 448 3016 charissimo
458 2959 488 3014 in
500 2958 615 3015 Christo
634 2957 696 3012 lilio
716 2961 819 3012 nostro
835 2955 904 3011 illu·
958 2958 1097 3014 orientali
1111 2965 1190 3015 terra
1204 2955 1381 3026 discederet,
1395 2958 1449 3014 sub
1459 2958 1632 3031 juramento
1647 2961 1786 3033 promisit

76 3052 126 3106 stri
137 3050 202 3124 regi
210 3049 344 3106 Navarra
354 3047 550 3120 utpecnniam
566 3051 596 3101 et
606 3044 729 3101 castella
746 3043 840 3100 sancti
855 3045 905 3100 Jo-
959 3046 1038 3118 quod
1050 3052 1159 3103 terram
1170 3046 1398 3120 magnillceutiae
1407 3051 1465 3102 tum
1474 3046 1528 3102 tibi
1541 3049 1783 3106 conservaretin-

76 3141 164 3196 annis
177 3139 214 3195 de
224 3138 406 3209 Pedeportus
416 3135 655 3204 etitoccebruna,
665 3151 731 3206 quaa
740 3139 824 3206 pater
834 3149 905 3189 suus
919 3111 945 3179 G
960 3141 1071 3210 tegram
1083 3141 1113 3192 et
1123 3136 1248 3192 illesam
1259 3137 1289 3192 in
1300 3153 1335 3192 eo
1347 3141 1425 3192 statu
1441 3136 1472 3190 in
1483 3153 1541 3207 quo
1554 3135 1650 3194 luerat
1662 3138 1783 3210 qnando

78 3230 129 3284 tibi
140 3244 211 3284 cum
223 3226 285 3282 sslia
296 3243 350 3281 sua
360 3225 507 3281 concessit
515 3224 545 3278 in
553 3222 729 3290 dotem,sine
740 3221 840 3292 aliqua
850 3220 905 3276 dil·
960 3225 1261 3297 Hierosolymitanum
1272 3226 1330 3281 iter
1344 3225 1468 3282 fueratis
1476 3225 1617 3298 aggressi,
1628 3243 1784 3298 quousque

17 3351 18 3380 r
81 3318 219 3373 licultate
230 3314 378 3384 restituat,
387 3313 521 3385 alioquin
532 3311 693 3368 venerabili
706 3310 791 3366 fratri
803 3316 905 3367 nostro
959 3329 1095 3370 reversus
1109 3314 1147 3370 ad
1157 3313 1403 3386 proprinmoram
1416 3312 1612 3386 quadraginta
1622 3313 1737 3370 dierum
1753 3315 1784 3370 in

17 3423 18 3442 ¹
80 3407 251 3463 Narbonem
263 3403 498 3476 archiepiscopo,
509 3402 625 3475 cuijam
636 3399 694 3457 alia
708 3400 814 3468 vice,si
830 3399 905 3456 bene
960 3407 1039 3458 terra
1053 3402 1173 3475 propria
1187 3402 1371 3474 peregissem
1387 3407 1491 3458 contra
1506 3417 1595 3473 quam
1610 3403 1784 3474 promissio·

79 3493 416 3566 recolimus,superhoc
427 3492 611 3564 scripsimus,
621 3489 732 3546 nostris
742 3489 846 3545 damus
858 3488 906 3544 lit·
960 3507 1029 3547 nem
1045 3490 1179 3548 eamdem
1195 3497 1305 3546 terram
1322 3496 1352 3546 et
1366 3495 1463 3546 castra
1476 3505 1537 3544 non
1551 3489 1649 3546 fuerat
1673 3491 1784 3548 veritus

77 3585 151 3640 teris
163 3585 196 3639 in
210 3582 359 3639 mandatis
369 3587 402 3638 ut
412 3581 486 3654 ipse,
496 3595 563 3635 eum
575 3593 792 3650 percensuram
805 3575 905 3632 eccle·
959 3577 1782 3652 occupareSuperquibusconventionibuslitterasejus·

78 3674 233 3730 siasticam
248 3669 287 3727 ad
301 3670 358 3726 hoc
372 3668 536 3725 monitio'ne
552 3666 716 3739 praemissa,
729 3664 845 3721 sublato
854 3681 907 3736 ap-
960 3670 1028 3726 dem
1038 3668 1115 3742 regis
1125 3673 1261 3740 patentes
1272 3667 1349 3740 apud
1360 3673 1441 3723 tuam
1453 3667 1626 3724 asserebant
1634 3670 1784 3742 magnitu-

17 3797 18 3808 κ
78 3766 256 3841 pellationis
271 3764 435 3832 obstaculo,
443 3761 560 3835 justitia
574 3759 724 3816 mediante
735 3757 906 3832 compellat.
960 3759 1060 3815 dinem
1070 3756 1431 3814 residereconvenliones
1440 3773 1509 3812 vero
1520 3773 1594 3828 quas
1604 3757 1684 3813 idem
1692 3757 1785 3832 magi·

77 3858 120 3913 Ad
131 3851 485 3922 haec‚cumiidemnuntii
497 3850 607 3907 anobis
616 3866 683 3906 cum
692 3850 907 3920 instanliapoa·
960 3855 1021 3906 ster
1032 3850 1062 3903 V.
1076 3846 1111 3902 de
1124 3847 1228 3903 Sancto
1241 3847 1357 3914 Lazaro,
1369 3862 1498 3918 persona
1512 3846 1700 3902 tualibertati
1715 3863 1785 3918 pro-

78 3947 229 4002 tulasseut
237 3950 270 3999 ut
278 3942 486 3999 charissimum
498 3940 528 3994 in
539 3939 654 3995 Christo
664 3939 759 3994 lilium
771 3944 905 3994 nostrum
959 3938 1032 4010 prise
1042 3936 1188 4005 restituta,
1200 3935 1313 3994 interis
1328 3951 1362 3992 ac
1373 3935 1547 4006 preadictum
1562 3952 1661 4009 regem
1678 3937 1784 3992 ultimo

78 4037 254 4109 Philippum
270 4033 417 4088 illustrem
430 4029 561 4087 Francia
577 4045 676 4102 regem
692 4029 729 4084 ad
743 4029 907 4084 restitutio-
960 4027 1154 4083 intervenisse
1166 4025 1318 4093 retulerat,
1328 4025 1418 4080 iidem
1428 4025 1527 4080 nuntii
1537 4025 1591 4093 tui,
1604 4025 1628 4081 ei
1639 4041 1705 4096 quaa
1715 4025 1784 4080 lue-

77 4145 147 4184 nem
159 4131 329 4182 castrorum
337 4121 457 4178 illorum
466 4125 587 4177 etterrae
597 4118 775 4190 compellere
787 4117 908 4174 debere·
959 4121 1038 4185 rant,
1047 4114 1222 4172 asserebant
1232 4112 1387 4186 praelatum
1396 4129 1498 4190 regem
1508 4114 1638 4170 Francia
1647 4114 1785 4186 primitus

77 4207 846 4286 mus,quaecontraprotectionemabapostolicasede
854 4207 906 4264 tibi
960 4205 1085 4262 violasse
1096 4222 1103 4272 ;
1115 4221 1183 4260 cum
1193 4203 1310 4260 etiamsi
1321 4220 1380 4274 qua
1390 4209 1460 4260 tuuc
1471 4208 1557 4275 pacta
1568 4201 1785 4274 subieras,spo·

78 4317 256 4360 concessam
265 4301 422 4366 invaserat,
434 4303 596 4370 antequam
605 4297 641 4352 de
657 4297 906 4369 peregrinationis
960 4293 1050 4350 liatus
1066 4292 1172 4348 eadem
1183 4291 1326 4348 subiisses
1335 4308 1342 4347 :
1351 4297 1545 4364 propterquae
1555 4291 1592 4347 ad
1604 4290 1786 4347 cadicebant

17 4415 18 4426 ¹
79 4390 224 4465 obsequio
236 4389 272 4446 ad
283 4389 403 4462 propria
412 4385 907 4459 remeares,dilectusliliusmagis·
961 4383 1133 4439 nullatenus
1162 4385 1191 4436 te
1216 4380 1321 4464 teneri·
1339 4379 1420 4435 Licet
1440 4381 1540 4451 itaque
1561 4380 1667 4436 ethaeo
1682 4379 1785 4436 etalia

78 4489 123 4538 ter
131 4482 179 4537 W.
190 4479 228 4535 de
239 4478 346 4534 Sancto
364 4479 470 4533 Lazaro
488 4475 611 4531 nuntius
628 4473 763 4547 ejusdem
779 4473 902 4547 regisse
918 4478 945 4544 D
962 4471 1532 4542 multaparsutraqueproponeretquae
1543 4485 1596 4540 pro
1606 4467 1784 4540 ipsislacere

79 4574 256 4628 constanter
266 4585 319 4640 pro
332 4567 437 4624 eodem
447 4566 602 4638 opposuit;
615 4565 700 4620 illum
709 4563 747 4620 ad
756 4563 813 4620 hoo
825 4579 907 4620 asse·
960 4559 1135 4617 videbantur
1147 4576 1154 4626 ;
1170 4558 1240 4630 quia
1252 4563 1352 4614 tamen
1367 4574 1524 4614 causarum
1536 4559 1643 4614 merita
1656 4559 1786 4632 partium

79 4679 149 4718 rens
163 4676 226 4716 non
237 4658 344 4726 teneri,
354 4673 421 4714 cum
432 4655 625 4730 pactioneset
637 4655 848 4711 conventiones
859 4671 908 4710 so·
961 4649 1126 4708 assertione
1140 4646 1322 4719 panduntur,
1339 4651 1369 4704 et
1383 4645 1439 4718 ipsi
1450 4663 1608 4718 personam
1632 4648 1729 4704 standi
1755 4649 1785 4704 iu

79 4752 278 4820 lamnasque
289 4748 422 4802 intervos
431 4743 760 4817 praecesserantethinc
770 4742 839 4798 inde
847 4742 909 4798 sue·
958 4737 1073 4812 judicio
1088 4752 1150 4792 non
1165 4734 1325 4802 habebant,
1336 4751 1395 4791 non
1411 4733 1562 4805 potuimus
1578 4734 1658 4792 salva
1668 4737 1787 4809 justitia

79 4834 910 4909 rantroboratm,tuamagnificentiauonservassetetper
962 4830 993 4884 iu
1004 4828 1067 4899 ipso
1077 4825 1194 4898 negotio
1204 4823 1783 4898 sineveritatisinquisitioneprocedere.

78 4925 395 4998 teiuissentprimitus
404 4923 537 4988 violatae;
551 4921 678 4977 maxime
693 4937 760 4977 cum
776 4937 908 4977 sororem
963 4919 1020 4973 Nos
1031 4931 1099 4988 ergo
1106 4914 1192 4987 juxta
1202 4913 1291 4986 regies
1301 4913 1455 4985 petitionis
1466 4912 1650 4983 instantiam,
1665 4920 1786 4986 propter

80 5019 176 5092 ipsius
187 5013 339 5073 dimiseris
352 5012 478 5069 etaliam
491 5011 544 5066 tibi
555 5009 703 5066 curaveris
719 5009 909 5064 matrimonio
963 5007 1017 5062 has
1033 5011 1064 5060 et
1080 5003 1154 5060 alias
1169 5003 1362 5058 necessitates
1384 5001 1630 5074 quamplurimas,
1645 5002 1785 5059 lacultate

81 5104 217 5178 copulari
230 5120 237 5171 ;
249 5101 357 5174 etquia
367 5103 592 5178 postarreptum
607 5099 664 5153 iter
675 5097 909 5168 Hierosolymam
964 5094 1050 5151 nobis
1068 5111 1086 5148 a
1100 5093 1216 5148 Christo
1233 5107 1387 5159 concessa,
1402 5097 1489 5148 nacta
1509 5108 1628 5162 quoque
1644 5091 1786 5162 temporis

82 5193 226 5261 adeundi,
236 5207 304 5248 cum
315 5189 461 5262 acquisita
481 5186 619 5260 quelibet
637 5185 786 5242 deberetis
800 5184 910 5240 habere
965 5181 1185 5256 opportunitate
1200 5178 1357 5252 condigna,
1373 5178 1524 5250 dispositis
1540 5179 1622 5250 prius
1644 5194 1709 5248 qum
1725 5181 1786 5232 tam

83 5281 266 5350 eommunia,
283 5277 441 5352 pecuniam
452 5293 545 5350 arege
557 5273 708 5332 Tancredo
720 5279 869 5349 receptam
882 5277 913 5329 et
965 5273 1044 5331 circa
1058 5271 1166 5328 Urbem
1182 5285 1271 5342 quam
1285 5269 1363 5324 circa
1377 5284 1501 5342 regnum
1510 5267 1617 5324 Siciliae
1626 5281 1743 5323 necnon
1758 5269 1789 5322 et

118 5425 176 5496 (8³)
192 5423 264 5480 Vide
279 5421 357 5478 intra
372 5417 456 5492 epist.
469 5421 537 5504 242.
867 5488 872 5500 ι
1002 5410 1429 5496 l8iilllidesupraepist.2tl.
1548 5477 1553 5490 ⁸
1717 5482 1724 5494 ¹

86 5493 328 5628 rsgtgffipissekla
342 5493 380 5551 ad
395 5493 527 5565 archiep.
544 5489 730 5565 llagdeburg.
748 5491 845 5547 exstat
865 5505 912 5546 m-
967 5484 1216 5620 Tr(ettctietnlsnetmelligit
1242 5480 1323 5540 haud
1349 5481 1438 5538 dabre
1466 5479 1625 5539 ilenricum
1649 5487 1788 5539 comitem
