3956 6056
211 311 264 366 tlt
712 299 914 359 ΙΝΝΟΟΕΝΤΠ
933 299 971 354 lll
993 298 1048 352 PP.
1069 294 1304 353 uncnstottuu
1320 295 1385 352 tle.
1405 295 1428 350 1.
1872 303 1925 359 412

209 435 416 513 prsJudioium
431 439 625 511 generatum:
637 432 707 506 quia
721 447 789 488 cum
800 431 831 486 in
843 443 945 486 eornm
955 424 1039 484 dele·
1052 427 1081 493 Α
1097 423 1258 481 bibitiones
1272 425 1450 496 apostolicas
1472 424 1571 482 diviua
1594 424 1695 484 officia
1721 428 1924 486 celebrat-uno

210 534 301 596 ctam,
317 527 394 582 siout
407 540 426 580 a
439 524 498 580 tuis
509 523 622 580 nuntiis
633 521 796 588 dicebatur,
808 517 966 575 saeculares
978 515 1041 571 cle·
1094 516 1171 572 sicut
1183 531 1238 572 nos
1254 533 1307 588 per
1320 516 1379 572 alia
1394 518 1504 588 scripta
1518 521 1621 574 nostra
1634 518 1925 590 mandavimussan-

208 616 263 671 rici
285 613 396 670 fuerint
418 612 540 682 evocati,
563 611 611 667 vix
634 614 758 682 possent
781 625 835 682 per
856 623 906 664 eos
922 606 1041 662 ricinos
1094 604 1144 660 diu
1160 605 1270 661 babeas
1285 621 1338 678 pro
1354 606 1517 677 suspensis,
1530 622 1685 680 quousque
1700 625 1790 682 snper
1803 609 1863 666 boc
1877 627 1927 666 sa·

209 694 1041 773 CantaurieasisEcclesiaenegotiamonacbisabsentibns
1094 694 1260 750 tisfeeerint
1273 699 1496 767 competenter,
1513 699 1542 751 et
1555 697 1694 755 universa
1707 715 1773 771 quas
1789 699 1820 755 in
1845 715 1925 772 pree·

210 792 375 865 procurari,
385 806 451 862 quaa
463 790 536 863 ipsis
546 788 763 862 proculpositis
774 791 803 842 et
812 788 930 859 captata
939 798 1040 839 eorum
1094 782 1242 839 dictorum
1270 782 1486 839 monachorum
1510 788 1581 840 sunt
1593 791 1738 843 attentata
1752 803 1926 861 gravamen,

210 881 423 950 absentia,siue
432 879 647 936 monachorum
653 875 1044 941 conscientiatraetarentur
1094 871 1252 928 xeniorum
1265 871 1404 927 videlicet
1414 876 1443 927 et
1452 873 1651 930 Ecclesiamm
1662 879 1691 930 et
1701 875 1828 932 aliorum
1842 876 1929 933 inva-

211 975 241 1028 et
251 971 294 1026 eis
304 970 423 1042 penitus
436 967 623 1025 inconsultis.
632 960 1043 1023 UndeCantuarien.lloclesia
1096 961 1179 1016 sione
1195 976 1261 1031 quae
1274 965 1342 1016 ante
1356 961 1587 1032 appellationem
1598 962 1776 1033 habuerant,
1792 981 1855 1022 non
1869 965 1929 1022 dif-

215 1058 407 1133 dispendium
414 1059 616 1114 incurreretet
621 1056 779 1129 jacturam.
791 1053 838 1109 Sic
848 1067 917 1126 ergo
923 1067 977 1125 per
987 1052 1042 1106 boc
1094 1048 1172 1105 feras
1187 1049 1274 1106 dictis
1288 1050 1444 1106 monacbis
1454 1050 1622 1125 resignare;
1637 1069 1672 1108 ac
1681 1051 1718 1110 de
1728 1057 1837 1111 caetero
1849 1053 1930 1112 circa

221 1147 358 1204 nihileis
373 1147 509 1214 accessit,
525 1144 629 1202 eadem
640 1142 885 1201 contradictionis
895 1156 1044 1197 causama
1096 1143 1205 1195 statum
1226 1139 1400 1195 monasterii
1424 1145 1528 1196 contra
1544 1141 1776 1213 prohibitionem
1792 1149 1930 1201 nostram

213 1243 314 1296 nente.
332 1236 476 1295 Ultimum
488 1251 605 1308 quoqne
615 1233 792 1305 rescriptum
809 1229 1039 1289 diotifioelestin·
1095 1227 1185 1300 hujus
1200 1227 1356 1284 occasione
1370 1228 1480 1301 negotii
1495 1244 1556 1284 non
1571 1245 1735 1303 praesumas
1750 1231 1864 1306 aliquid
1881 1234 1931 1288 in-

208 1317 1042 1401 papaeprardecessorisnostricarereviribusasserebanti
1096 1331 1214 1373 novare.
1231 1316 1353 1383 Sirero,
1379 1316 1459 1388 quod
1480 1333 1543 1373 non
1566 1317 1726 1388 credimus,
1741 1326 1930 1394 preceptum

227 1410 971 1488 utpotepersuppressionemveritatissurreptum:
983 1423 1041 1480 quo
1096 1411 1243 1475 nostrum,
1260 1405 1337 1462 sient
1361 1406 1551 1478 premissum
1573 1411 1629 1475 est,
1648 1408 1694 1464 rel
1708 1409 1930 1483 contempseris

214 1505 298 1560 niam
308 1504 382 1560 ineo
392 1502 477 1559 nulla
487 1499 918 1560 flebatmenticmandatorum
929 1514 995 1569 quae
1006 1495 1043 1554 ab
1096 1495 1142 1552 rel
1153 1494 1304 1551 distuleris
1314 1493 1684 1569 adimplere‚apontifieali
1699 1497 1797 1556 olflcio
1809 1505 1930 1556 extunc

219 1591 336 1650 Urbano
347 1607 425 1665 papa
438 1597 468 1648 et
481 1592 632 1648 Clemente
647 1593 855 1662 processerant
875 1602 930 1642 nec
954 1587 1043 1642 etiam
1097 1583 1215 1641 noveris
1230 1587 1258 1638 te
1274 1599 1452 1656 suspensum
1468 1590 1498 1640 et
1520 1601 1574 1657 pre
1596 1592 1769 1660 contemptu
1792 1588 1929 1645 mandati

214 1679 453 1738 confirmationis
462 1679 641 1750 illiusquam
651 1673 1044 1751 ipsemetsupercassatione
1098 1677 1193 1746 apost.
1209 1673 1246 1729 ad
1260 1678 1393 1729 nostram
1408 1674 1507 1730 venire
1527 1679 1556 1732 te
1577 1677 1714 1734 volamus
1734 1678 1929 1750 praesentiam

110 1776 111 1779 ’
214 1769 437 1843 compositionis
462 1767 610 1841 predicta
630 1764 797 1832 concessit3
822 1769 852 1820 et
877 1764 1043 1836 prasertim
1099 1777 1324 1834 responsuram.
1340 1761 1566 1820 Venerabilibns
1581 1780 1699 1837 qnoque
1715 1764 1858 1823 fratribus
1874 1783 1931 1824 no-

214 1875 283 1916 cum
297 1857 475 1929 rescriptum
486 1855 561 1912 illud
571 1855 731 1911 indulsisse
742 1853 898 1910 dicatureo
909 1857 1043 1924 tempore
1100 1851 1169 1908 stris
1182 1850 1370 1907 Cantuarien.
1386 1851 1525 1908 Ecclesiae
1540 1853 1734 1927 suffraganeis
1749 1854 1785 1912 de
1801 1854 1929 1913 consilio

211 1963 270 2020 quo
281 1963 350 2003 enm
360 1941 906 2015 infirmitasadmodumpraegravabat.
917 1939 1043 1998 Adlun-
1096 1940 1223 1996 fratrum
1238 1943 1408 1996 nostrorum
1423 1939 1455 1996 in
1470 1939 1578 1997 virtute
1591 1940 1768 2000 obedientia
1788 1943 1926 2001 districte

211 2035 341 2092 drudam
356 2050 428 2090 saue
442 2031 640 2089 intentionem
655 2047 751 2100 suam,
765 2029 977 2103 predictorum
988 2029 1043 2085 lir-
1097 2028 1297 2103 precipiendo
1325 2029 1502 2086 mandamus
1528 2035 1686 2102 quatenns,
1711 2032 1770 2089 nisi
1789 2038 1821 2089 tu
1850 2034 1931 2090 infra

211 2123 293 2193 bani,
307 2122 468 2180 Clementis
479 2126 509 2178 et
523 2120 684 2189 coelestini,
696 2122 779 2176 llom.
795 2119 983 2192 pontificum,
997 2133 1043 2190 req
1097 2118 1286 2192 promissum
1295 2122 1412 2191 tempus
1422 2117 1597 2176 mandatum
1611 2125 1746 2177 nostrum
1761 2122 1883 2179 duxeris
1894 2123 1932 2180 ad

210 2213 444 2285 scriptanecnon
454 2215 484 2268 et
497 2215 634 2267 nostrum
644 2214 712 2282 post
724 2209 786 2279 illa,
798 2207 890 2264 iidem
900 2207 1038 2276 monach,
1099 2209 1248 2275 eflectum,
1264 2207 1321 2280 ipsi
1334 2206 1448 2262 nullam
1463 2207 1517 2263 tibi
1532 2207 1707 2281 impendant
1727 2209 1930 2269 obedientiam

219 2301 445 2376 producebant:
471 2299 579 2373 quibus
607 2297 816 2372 urgentissime
840 2297 1039 2354 mandabatur
1097 2297 1145 2354 vel
1156 2297 1363 2364 reverentiam
1379 2296 1576 2369 quiajustum
1589 2300 1725 2371 estquod
1739 2302 1766 2357 ei
1779 2317 1840 2357 non
1856 2303 1928 2359 obe-

223 2396 256 2448 ut
269 2390 414 2463 quidquid
428 2389 465 2446 de
479 2387 602 2462 praeleta
616 2387 732 2459 capella
750 2385 848 2443 fuerat
870 2391 1046 2444 attentatam
1100 2387 1199 2443 diatur
1212 2402 1230 2441 a
1243 2383 1381 2453 subditis,
1397 2385 1448 2457 qui
1462 2401 1515 2442 sue
1530 2389 1695 2444 contemnit
1709 2389 1830 2448 obedire
1844 2408 1928 2464 prra-

219 2478 502 2538 babereturirritam
514 2483 544 2533 et
554 2477 654 2534 inane.
666 2477 738 2533 Cum
753 2481 853 2532 autem
864 2475 1048 2547 quaepermi·
1099 2475 1168 2532 lato.
1181 2472 1264 2541 Quod
1283 2474 1308 2530 si
1323 2473 1398 2530 forte
1414 2491 1469 2530 nec
1485 2475 1527 2531 sic
1540 2479 1568 2531 te
1583 2477 1748 2548 poterimus
1759 2479 1797 2536 ad
1812 2479 1926 2537 bonum

223 2570 318 2626 simus
333 2572 363 2625 et
376 2567 486 2625 similia
498 2567 529 2622 in
545 2571 649 2622 nostra
666 2565 851 2636 fratrumque
877 2569 1048 2620 nostrorum
1099 2562 1276 2620 obedientia
1288 2579 1435 2632 revocare,
1459 2569 1581 2637 propter
1605 2567 1684 2639 quod
1707 2568 1819 2625 malum
1844 2587 1926 2626 nun·

218 2657 383 2731 prasentia
394 2657 557 2730 prudenter
568 2655 818 2712 assentabantiis
828 2654 964 2726 allegata,
979 2655 1047 2724 Nos,
1100 2669 1190 2725 quam
1216 2652 1421 2721 committitur,
1445 2652 1559 2709 bonam
1587 2661 1686 2712 autem
1701 2655 1791 2714 debet
1818 2661 1929 2732 saepius

124 2799 128 2804 .
219 2748 270 2820 qui
281 2753 398 2819 tempus
408 2745 577 2817 accepimus
583 2743 733 2818 justitiam
738 2741 1049 2816 judicandi‚volentes
1100 2741 1268 2810 intermitti,
1285 2742 1428 2816 majorem
1444 2741 1496 2798 tibi
1512 2744 1801 2804 animadversionem
1811 2749 1931 2806 noveris

215 2836 298 2894 illias
312 2834 442 2908 vestigiis
464 2834 611 2890 inhaerere
625 2832 703 2905 apud
719 2847 808 2904 quem
823 2848 886 2887 nou
900 2835 1044 2888 estnece-
1101 2831 1278 2899 imminere;
1301 2847 1369 2887 cum
1392 2829 1470 2886 ferro
1495 2831 1555 2888 sint
1579 2832 1781 2892 abscindenda
1794 2836 1931 2904 vulnera,
1969 2881 1970 2892 ,

216 2925 279 2998 ptio
294 2939 500 2997 personarum,
512 2922 597 2995 cujus
612 2919 722 2990 locam,
736 2920 807 2977 licet
820 2919 946 2994 indigni,
962 2924 1050 2976 tene·
1102 2937 1168 2993 quae
1189 2919 1390 2976 fomentorum
1413 2935 1475 2977 non
1497 2922 1630 2979 sentiunt
1645 2924 1824 2981 medicinam
1842 2925 1931 2998 (tat).
1969 2929 1970 2970 3

218 3013 330 3068 masin
346 3011 434 3068 terris
453 3016 483 3068 et
504 3011 546 3067 ita
565 3010 611 3067 ria
625 3009 706 3084 regia
718 3009 882 3082 prudenter
896 3008 1047 3078 incedere,
1103 3009 1179 3067 Sane
1192 3025 1282 3080 saper
1295 3008 1468 3079 praemissis,
1482 3009 1513 3066 in
1529 3009 1637 3081 quihus
1652 3011 1733 3068 salva
1746 3015 1934 3072 conscientia
1969 3007 1970 3014 '

217 3107 252 3158 ut
277 3117 338 3157 non
366 3099 551 3157 declinemus
574 3099 612 3156 ad
637 3099 790 3156 dexteram
818 3097 864 3154 rel
881 3096 1045 3167 sinistram,
1102 3115 1163 3154 non
1177 3101 1350 3171 poteramus
1364 3095 1422 3153 alio
1434 3096 1522 3154 modo
1532 3099 1703 3171 procedere,
1712 3101 1932 3160 fraternitatem
1969 3083 1970 3144 l

217 3189 453 3264 praedecessores
463 3204 582 3260 quoqne
597 3193 715 3246 nostros
729 3187 893 3255 Urbanum,
907 3185 1049 3243 Clemen-
1064 3158 1184 3242 tham
1204 3201 1344 3259 rogamus
1365 3186 1537 3243 nullatenus
1552 3188 1740 3246 contristari:
1756 3191 1838 3263 quia,
1854 3197 1932 3250 teste
1969 3167 1970 3196 ¹

218 3285 279 3336 tem
303 3283 333 3335 et
348 3279 437 3336 etiam
451 3277 642 3334 celestinum
657 3275 812 3332 credentes
827 3275 957 3347 amplias
974 3275 1048 3332 imi·
1101 3278 1172 3344 Deo,
1188 3291 1249 3333 non
1265 3291 1300 3332 ex
1315 3274 1518 3349 indignatione
1534 3276 1634 3349 aliqua
1644 3287 1865 3352 processerunt,
1877 3283 1932 3338 sed

217 3367 336 3437 andos,
351 3365 455 3424 inillis
476 3366 606 3422 maxime
620 3381 686 3437 qua
701 3363 919 3422 deliberatione
940 3364 1049 3436 previa
1102 3366 1172 3437 quia
1186 3381 1254 3420 cum
1269 3365 1374 3433 simus,
1390 3363 1700 3437 licetinsufllcientes‚
1716 3368 1747 3424 in
1759 3370 1829 3427 sede
1839 3371 1932 3444 justi-

220 3461 398 3524 sfatuerunt,
413 3455 450 3512 de
474 3455 625 3512 communi
647 3453 773 3512 consilio
787 3453 917 3510 fratrum
933 3458 1050 3510 nostro·
1102 3456 1150 3510 tiae
1163 3453 1328 3522 constituti,
1339 3452 1420 3510 uude
1431 3454 1501 3526 jura
1513 3471 1568 3510 sua
1582 3471 1698 3514 serrare
1713 3461 1853 3516 tenemur
1871 3461 1931 3517 sin·

216 3563 284 3604 rum
299 3543 478 3603 fraternitati
493 3547 551 3600 tuae
566 3560 620 3616 per
633 3548 728 3615 apost.
745 3543 855 3616 scripta
869 3541 1047 3598 mandamus
1101 3543 1179 3618 gulis
1194 3542 1319 3610 illibata,
1335 3541 1513 3600 fraternitati
1526 3548 1585 3600 tua
1603 3561 1692 3617 quam
1708 3547 1853 3605 sincerius
1867 3565 1931 3607 am-

217 3642 246 3694 et
261 3637 292 3693 in
307 3635 413 3692 virtute
428 3631 605 3690 obedientia
622 3632 754 3690 districte
768 3632 958 3705 precipimus
973 3647 1046 3704 qua·
1101 3633 1267 3706 plexemur,
1283 3646 1351 3686 cum
1367 3636 1395 3688 te
1410 3632 1489 3688 inter
1501 3632 1609 3690 fratres
1627 3639 1657 3692 et
1670 3637 1862 3710 coepiscopos
1877 3655 1931 3695 no·

216 3731 314 3794 mnus,
331 3723 412 3781 omui
428 3721 664 3782 contradictione
691 3726 720 3777 et
735 3719 925 3778 excusatione
941 3726 970 3777 et
995 3737 1049 3792 ap·
1104 3725 1182 3778 stros
1201 3720 1377 3777 honorabile
1399 3720 1568 3779 membrum
1590 3729 1621 3780 et
1643 3723 1674 3781 in
1703 3725 1790 3783 domo
1813 3727 1931 3784 Domini

216 3813 378 3889 pellatione
401 3811 599 3879 cessantibus,
617 3809 902 3883 infratrigintadies
915 3812 983 3882 post
997 3825 1047 3865 re·
1102 3810 1273 3868 columnam
1294 3809 1479 3866 immobilem
1501 3809 1676 3882 babeamus,
1699 3831 1759 3870 nou
1779 3817 1931 3888 potuimus

218 3900 600 3976 ceptionempraesentinm,
616 3899 761 3972 quidquid
772 3899 950 3956 edificatum
962 3899 1048 3955 estin
1102 3899 1168 3955 sine
1189 3897 1268 3972 gravi
1294 3899 1408 3956 offensa
1422 3900 1570 3957 creatoris
1586 3901 1712 3962 deferre.
1728 3905 1787 3961 Nec
1799 3905 1887 3962 nobis
1900 3907 1930 3962 in

219 3991 298 4050 Eccl.
314 3994 480 4048 memorata
495 3989 633 4062 expensis
645 3987 705 4044 tuis
719 3987 809 4044 facias
820 3987 940 4059 penitus
950 3987 1037 4044 demo
1102 3987 1158 4043 bac
1173 3993 1256 4059 parte
1271 3991 1355 4059 potes
1369 3987 1483 4060 aliquid
1498 3989 1665 4061 imputare;
1681 4007 1749 4049 cum
1764 3994 1931 4051 secundum

218 4080 279 4150 liri,
296 4095 329 4136 eo
351 4095 414 4136 non
437 4077 573 4136 obstante
594 4077 620 4132 si
635 4077 724 4133 etiam
737 4076 846 4133 absens
860 4076 897 4133 ab
912 4075 1046 4133 Ecclesia
1102 4074 1292 4132 traditionem
1303 4076 1618 4150 canonicam,qaando
1634 4097 1695 4139 non
1705 4081 1763 4139 uisi
1778 4084 1930 4155 peccando

219 4175 272 4227 tua
294 4167 463 4235 exstiteris;
487 4167 566 4238 (cnm
590 4169 709 4222 cautam
734 4165 773 4221 sit
796 4165 886 4222 etiam
912 4165 1045 4239 legitima
1102 4165 1192 4223 alicui
1215 4165 1331 4222 consuli
1355 4171 1462 4238 potest,
1483 4173 1554 4226 tnnc
1575 4171 1723 4229 {estimare
1738 4171 1932 4232 debetbomo

219 4259 373 4318 sanctione
394 4261 437 4326 ut,
459 4256 484 4312 si
499 4255 525 4310 is
539 4255 586 4312 cui
599 4253 697 4311 fuerat
710 4270 785 4326 opus
800 4270 908 4310 novum
923 4255 1044 4312 nuntia·
1103 4255 1174 4328 qnid
1188 4253 1278 4312 iaciat
1292 4271 1353 4312 non
1368 4255 1489 4314 babere.
1504 4259 1538 4314 ln
1554 4259 1627 4332 ipsis
1643 4261 1733 4318 etiam
1745 4259 1863 4337 legibus
1879 4283 1933 4320 sm-

218 4353 294 4418 tum,
308 4353 378 4404 aute
393 4343 600 4403 remissionem
620 4342 942 4412 edificaverit-deinde
957 4359 1044 4417 agere
1102 4345 1416 4402 cularibnsiuvenitur
1430 4351 1464 4402 nt
1477 4363 1543 4419 quar
1558 4348 1635 4408 facta
1649 4349 1764 4407 ladnnt
1776 4352 1932 4426 pietatem,

221 4437 344 4509 caeperit
354 4437 405 4510 jus
420 4433 477 4491 sibi
491 4449 558 4490 esse
583 4432 626 4489 ita
648 4431 829 4490 aedificatum
851 4431 973 4502 babere,
999 4433 1044 4490 sib
1103 4434 1342 4502 estimationem,
1352 4433 1561 4493 verecundiam
1572 4445 1704 4497 nostram
1716 4445 1746 4498 et
1754 4443 1935 4515 generaliter

221 4525 328 4582 debeat
353 4525 429 4580 actio
450 4521 601 4596 denegari)
624 4521 770 4578 reducens
793 4538 916 4593 prorsus
931 4521 962 4580 iu
977 4521 1046 4578 irri-
1063 4520 1090 4587 D
1107 4539 1173 4596 qna
1188 4522 1276 4580 bonis
1297 4523 1431 4580 moribus
1441 4525 1636 4584 adversantur
1650 4545 1705 4586 nec
1718 4547 1806 4604 posse
1819 4547 1876 4588 nos
1891 4532 1934 4590 ia-

221 4619 285 4670 tum
301 4609 446 4685 quidquid
461 4610 498 4667 de
520 4608 712 4666 instituendis
726 4607 836 4666 ibidem
852 4610 1004 4667 canonicis
1018 4616 1048 4667 et
1101 4628 1168 4670 cere
1184 4611 1223 4668 sit
1236 4609 1429 4669 credendum.
1446 4614 1540 4688 Super
1551 4633 1585 4674 eo
1605 4634 1726 4690 quoque
1742 4635 1803 4676 non
1819 4621 1935 4679 sufllci·

221 4703 289 4762 aliis
303 4701 341 4759 ad
366 4701 461 4773 ipsam
483 4697 640 4756 ecclesiam
663 4698 883 4771 pertinentibus
897 4716 914 4756 a
929 4705 957 4756 te
970 4699 1015 4756 vel
1031 4717 1049 4757 a
1102 4715 1170 4756 mus
1185 4697 1327 4756 admirari
1348 4699 1428 4771 quod
1439 4716 1507 4758 cnm
1517 4702 1596 4760 diota
1610 4705 1745 4763 Ecclesia
1756 4707 1935 4779 jamdudum

221 4793 441 4867 predecessore
463 4795 513 4846 tuo
539 4789 728 4863 cognoscitur
739 4787 920 4859 ordinatum,
945 4806 1047 4847 eoram
1103 4788 1188 4860 qnasi
1199 4787 1276 4860 lapis
1291 4789 1467 4846 oliensionis
1480 4788 1571 4847 luerit
1584 4797 1615 4849 et
1625 4799 1711 4866 petra
1726 4795 1873 4868 scandali,
1883 4813 1936 4870 pro

221 4880 387 4938 redditibus
402 4878 439 4937 ad
452 4883 562 4936 statum
577 4878 736 4952 pristinum
751 4879 894 4936 revocatis
916 4895 991 4952 qnos
1012 4878 1048 4935 nb
1103 4893 1163 4950 qua
1177 4893 1232 4933 nos
1247 4881 1276 4933 et
1289 4875 1524 4950 predecessores
1543 4882 1636 4937 nostri
1652 4882 1791 4941 adversus
1806 4888 1835 4941 te
1849 4891 1935 4942 tuos-

220 4969 401 5046 obligatioue
416 4969 539 5044 praestiti
548 4967 723 5042 iuramenti,
738 4985 791 5040 pro
803 4967 926 5042 eoquod
938 4967 1049 5024 ibidem
1104 4981 1166 5039 que
1176 4963 1412 5039 predecessores
1428 4967 1470 5023 ita
1481 4969 1608 5042 graviter
1623 4987 1727 5030 sumus
1742 4974 1816 5030 moti
1838 4979 1869 5030 et
1884 4973 1935 5030 riri

220 5061 348 5119 instituti
364 5061 495 5129 fuerunt,
509 5058 686 5116 auctoritate
701 5063 804 5115 nostra
818 5075 872 5131 per
887 5063 915 5114 te
929 5058 1050 5114 denan·
1104 5053 1236 5130 religiosi
1247 5054 1360 5128 pariter
1370 5061 1400 5112 et
1415 5057 1578 5129 prudentes
1588 5061 1727 5117 monachi
1741 5062 1933 5120 cantuarien·

222 5152 291 5208 tiari
305 5148 495 5224 precipimus
510 5147 673 5204 absolutos.
689 5146 762 5202 Cum
774 5147 855 5203 euim
870 5146 976 5203 amodo
987 5162 1049 5202 non
1106 5161 1164 5214 ses,
1174 5144 1225 5216 qui
1242 5145 1344 5201 omnia
1363 5145 1544 5204 dimiserunt
1557 5165 1611 5222 pro
1622 5150 1750 5219 Cbriste,
1765 5154 1811 5208 tot
1824 5151 1935 5208 labori-

222 5244 324 5298 teneat
331 5237 508 5312 principale,
523 5235 669 5309 quidquid
680 5251 757 5292 exeo
768 5235 814 5291 vel
824 5234 861 5292 ob
872 5235 903 5292 id
916 5239 1051 5292 secutam
1105 5232 1584 5304 busetdoloribus,totmortibus
1599 5244 1629 5295 et
1640 5239 1781 5312 perieulis
1791 5255 1935 5313 personas

224 5335 281 5399 est,
293 5329 347 5386 sub
355 5327 511 5402 premissa
524 5324 709 5382 districtione
725 5323 915 5381 decernimus
925 5323 1049 5380 irritan·
1106 5328 1195 5380 efres
1209 5339 1270 5380 non
1284 5323 1492 5382 dubitaverunt
1501 5326 1674 5400 frequenter
1683 5343 1833 5403 exponere
1844 5325 1935 5403 (qnod

225 5419 308 5486 dnm,
325 5419 402 5474 sicut
416 5415 564 5474 sancitam
578 5417 624 5470 est
638 5412 797 5470 traditione
813 5411 957 5468 canonica
967 5417 997 5468 et
1011 5412 1051 5470 ci·
1106 5412 1211 5485 procul
1223 5411 1315 5468 dubio
1329 5418 1391 5470 tam
1400 5413 1445 5470 illi
1460 5431 1550 5487 quam
1563 5417 1623 5486 isti,
1639 5423 1672 5474 ut
1687 5417 1799 5475 dictum
1814 5425 1932 5488 est,non

224 5507 287 5564 vili.
303 5507 432 5564 clericos
446 5510 591 5578 preterea
607 5502 658 5574 qui
672 5502 704 5558 in
718 5501 834 5574 capella
844 5501 909 5573 ipsa
920 5506 988 5574 post
1002 5501 1050 5558 in·
1106 5501 1257 5573 iecissent,
1287 5502 1345 5560 nisi
1370 5511 1583 5579 cognoscerent
1608 5507 1763 5580 premissa
1786 5509 1934 5582 respicere

262 5629 337 5706 (itt)
349 5628 468 5686 Siricius
480 5628 512 5686 in
527 5624 653 5702 epistola
668 5625 706 5683 ad
718 5625 841 5697 llimer.,
853 5642 917 5701 cap.
934 5629 961 5684 7.
