3952 6062
710 299 898 361 INNOGENTI
917 301 956 360 111
975 301 1031 364 PP.
1047 299 1281 360 REGESTORUM
1300 299 1367 358 us.
1387 301 1423 358 11.
1875 312 1914 368 sto

605 428 672 488 Lv1,
1064 433 1220 498 Aremus,
1236 444 1291 484 nec
1313 427 1497 489 declinantes
1517 429 1555 488 ad
1574 432 1711 490 dextram
1730 450 1786 491 uec
1803 437 1837 492 ad
1853 439 1914 494 sini-

453 533 490 574 cv.
510 533 660 574 suanssun.
680 533 821 576 ariscoro.
1107 521 1211 586 stram,
1227 533 1281 589 per
1294 517 1416 578 easdem
1429 519 1545 578 litteras
1560 526 1590 578 at
1606 525 1762 582 consuluit
1775 525 1914 586 salubriter

228 608 271 662 lico
291 605 393 660 tuciori
418 606 514 662 ordino
526 607 684 688 'monosttco
708 607 745 662 od
769 607 913 666 arctiorem
936 606 1053 666 transire
1107 612 1137 664 et
1150 607 1304 666 humiliter
1316 609 1483 680 postulavit,
1499 610 1705 686 addensquod
1722 616 1765 671 sic
1778 633 1914 688 possemus

512 675 649 776 beennon
662 683 767 736 imitra-
784 767 801 778 ..
1107 696 1235 754 cervices
1254 696 1428 758 sublimium
1448 703 1478 758 et
1497 701 1695 774 superborum
1715 704 1792 762 colla
1805 707 1913 766 calcare.

451 767 671 838 (Lateran1,vm
687 765 719 820 ld
736 767 827 836 Μίω·)
1107 787 1142 842 st
1164 786 1322 860 pastoralis
1341 787 1432 862 igitur
1451 789 1542 846 officii
1565 791 1769 852 sollicitudine
1786 801 1914 868 provocati

263 871 419 932 ltelerente
431 872 539 928 dilecto
553 872 615 928 olio
626 871 717 928 tratre
733 873 764 928 3.
782 873 988 946 Hospitalario,
999 888 1056 929 no·
1109 881 1138 932 et
1150 876 1259 948 regalis
1271 877 1388 936 consilii
1400 879 1614 939 continentiam
1625 883 1804 954 recolentes,
1814 903 1915 944 venera·

227 965 288 1017 stro
300 967 345 1018 est
355 960 535 1034 apostolatui
546 967 712 1020 reseratum
724 962 803 1034 qnod
816 967 1054 1034 cumatempore
1109 965 1160 1024 bili
1180 967 1264 1024 tratri
1284 972 1387 1024 nostro
1408 969 1444 1024 G.
1468 969 1630 1028 Eboraceu.
1653 974 1870 1047 archiepiscopo
1887 977 1915 1032 ad

221 1049 1055 1123 juventutissusesecnnduminstitutionescanouicorom
1110 1057 1211 1115 sedem
1232 1058 1426 1130 apostolicam
1452 1063 1617 1119 recurrenti
1638 1079 1697 1120 nec
1715 1064 1856 1122 voluimus
1873 1083 1915 1122 nec

226 1139 410 1212 regularium
433 1141 627 1197 drrowasien.
652 1141 790 1198 Ecclesiae
806 1141 885 1200 beati
900 1140 1056 1213 Augustini
1110 1146 1267 1205 debuimus
1275 1147 1456 1206 audientiam
1466 1151 1511 1206 vel
1523 1151 1672 1224 justitiam
1689 1153 1840 1229 denegare.
1855 1157 1916 1211 Con·

230 1229 364 1303 regulam
387 1229 539 1302 protessus
561 1229 676 1298 fnisset,
693 1231 765 1286 etin
787 1247 822 1287 aa
846 1230 925 1288 ultra
949 1230 1056 1288 decen·
1112 1236 1381 1307 querebaturenim
1395 1241 1841 1314 separmagnillceutiamtuam
1854 1251 1915 1302 tem-

227 1318 315 1373 ninm
326 1333 516 1391 permanens,
529 1335 629 1374 sacros
639 1319 760 1376 ordines
770 1336 865 1390 usqne
877 1319 914 1376 ad
924 1318 1058 1376 sacerdo·
1112 1322 1264 1397 paratibus
1280 1326 1325 1382 sui
1338 1327 1610 1401 archiepiscopatus
1625 1331 1795 1388 redditibus
1809 1333 1916 1390 destitu-

231 1407 306 1462 tium
318 1407 662 1481 suscepissetg'nventnte
673 1409 863 1480 postmodnm
872 1408 1057 1482 impellente,
1113 1421 1175 1471 tum
1191 1419 1220 1471 et
1235 1414 1314 1486 qnod
1329 1415 1418 1488 longo
1431 1415 1529 1473 luerat
1541 1417 1673 1476 sillictus
1685 1421 1791 1478 exsilio
1805 1423 1866 1478 etin
1881 1425 1916 1479 ln-

229 1497 399 1552 curiositate
420 1498 519 1570 potius
537 1514 626 1570 quam
640 1497 791 1572 religionis
804 1515 905 1556 amore
915 1498 1057 1562 devictus,
1109 1504 1221 1576 jurium
1234 1503 1324 1562 totins
1339 1505 1412 1562 cleri
1432 1506 1602 1564 mendicare
1625 1515 1758 1580 coactus,
1774 1512 1916 1584 suppleret

231 1589 342 1642 terram
354 1586 618 1659 Hierosolymitan.
635 1586 747 1644 etalias
757 1587 856 1644 videre
871 1587 1057 1654 desiderans,
1112 1593 1915 1673 bumilisproponebat.Volentesiteqneipsumtanquom

231 1676 266 1730 ab
286 1675 392 1732 abbate
410 1693 463 1732 suo
488 1681 628 1734 nontam
652 1677 850 1734 voluntariam
873 1676 928 1734 sub
954 1676 1058 1734 aedem
1113 1683 1236 1742 tratrem
1250 1689 1386 1742 nostrum
1397 1686 1572 1743 etEcolesias
1584 1688 1681 1746 illium
1693 1689 1814 1764 diligere
1823 1691 1856 1746 ad
1865 1707 1915 1764 gra-

227 1764 399 1822 conditione
412 1765 565 1824 licentiam
581 1764 810 1839 obtinuitquam
822 1770 965 1824 extortam
977 1770 1011 1823 ut
1031 1767 1055 1822 si
1072 1803 1098 1870 Β
1114 1775 1270 1842 numetis
1278 1778 1421 1846 tanquam
1431 1776 1610 1834 catholicum
1627 1780 1795 1853 principem
1810 1785 1837 1836 et
1848 1797 1913 1853 apos.

227 1854 313 1912 boum
324 1853 1054 1928 memmtexandrumpapampraedacessoremno-
1112 1863 1208 1920 tolicm
1221 1861 1301 1919 sedis
1314 1862 1410 1920 illium
1422 1864 1582 1936 specialem
1596 1867 1635 1922 ad
1646 1869 1796 1941 justitiam
1810 1869 1912 1942 dirigere

228 1948 323 2000 strum
344 1943 490 2002 inveniret
504 1944 534 2000 in
550 1944 605 2013 via,
622 1960 743 2000 causam
762 1944 880 2001 itineris
897 1943 952 2000 sibi
968 1959 1056 2016 expo·
1111 1952 1354 2019 conservandam,
1369 1952 1694 2028 imodireotumpotius
1707 1958 1848 2018 exhortari
1861 1975 1911 2013 cun

229 2035 315 2088 neret
328 2037 358 2087 et
367 2031 454 2106 juria
477 2032 651 2090 mandatnm
674 2033 739 2104 ejus
753 2033 799 2090 rel
823 2033 998 2105 procederet
1012 2031 1057 2090 vel
1110 2041 1142 2100 in
1157 2046 1361 2113 contemptum
1377 2041 1442 2114 ejus
1454 2045 1539 2118 oujm
1551 2045 1652 2102 existit
1668 2047 1813 2118 minister,
1825 2053 1912 2119 stapo-

230 2119 349 2178 rediret.
360 2121 468 2178 Vernm
477 2121 552 2194 ipse,
559 2121 695 2194 neglecta
704 2121 1057 2194 conditione,procedens
1111 2132 1223 2190 scoliam
1239 2133 1318 2190 sedis
1329 2134 1481 2208 injurium,
1495 2152 1560 2208 qum
1571 2137 1670 2210 ipsum
1683 2139 1715 2198 in
1726 2145 1834 2211 partem
1848 2137 1911 2194 ,opp

230 2209 362 2282 suscepit
372 2209 506 2270 habitum
518 2210 727 2282 ΗθὸΡίῑᾶῙῙΒιῑῐῙ
739 2211 824 2282 Cujus
836 2211 953 2268 sellim
962 2225 1057 2282 thue
1111 2221 1251 2278 citudinis
1266 2225 1405 2292 evocavit,
1421 2231 1452 2281 et
1465 2232 1546 2282 tuam
1562 2227 1665 2296 etiam,
1676 2233 1711 2283 ut
1724 2243 1912 2300 prosequamur

229 2296 267 2354 &d
283 2297 807 2370 haeoten11³⁰l²²fidelilerllbffilitvil·
824 2299 963 2356 Sedcum
984 2298 1057 2355 ⁰rd⁰
1111 2327 1223 2378 verum,
1245 2314 1472 2382 verecundiam,
1495 2307 1581 2388 cujus
1603 2322 1650 2372 est
1669 2317 1771 2384 frater,
1790 2315 1911 2372 redundet

229 2387 404 2459 praemissus
426 2387 616 2445 districtioris
637 2389 677 2444 sit
691 2388 885 2444 observantie
904 2403 993 2460 quarn
1010 2403 1058 2444 se·
1111 2391 1281 2450 ministrnm
1301 2395 1351 2454 Dei
1369 2396 1579 2455 sollicitudinis
1593 2403 1705 2454 nostem
1727 2402 1879 2454 consortem
1891 2401 1911 2448 et

233 2476 1057 2550 candus,prudenterattendensquoddelaxioreascen·
1111 2471 1202 2544 regali
1219 2473 1310 2545 stirpe
1320 2477 1508 2548 progenitum
1532 2477 1705 2536 mendicare
1722 2495 1728 2534 :
1747 2476 1909 2534 serenitatem
1941 2469 1942 2544 ζ

231 2565 363 2622 sendum
381 2566 419 2624 sit
433 2567 471 2622 ad
492 2567 628 2624 ordinem
643 2568 814 2634 arctiorem,
828 2583 890 2625 non
907 2573 1005 2624 autem
1021 2567 1058 2624 de
1110 2561 1222 2634 regiam
1246 2564 1329 2622 omni
1344 2581 1403 2636 qua
1417 2582 1575 2637 possumus
1595 2567 1755 2624 allectione
1776 2565 1909 2638 rogandam

213 2657 343 2714 'arciore
358 2657 387 2712 al
402 2656 547 2714 laxiorem
561 2657 601 2714 sit
618 2658 733 2716 ratione
754 2657 855 2730 aliqua
876 2656 1059 2714 descenden·
1112 2650 1250 2708 duximus
1265 2658 1296 2710 et
1310 2655 1490 2714 monendam
1506 2659 1654 2726 quatenus
1665 2661 1726 2714 tam
1740 2669 1878 2726 nosquam
1890 2659 1909 2706 lt

229 2744 312 2814 dum,
324 2746 363 2802 ad
373 2763 404 2802 se
416 2746 543 2802 Domino
554 2747 719 2819 inspirante
732 2763 878 2816 reversus,
892 2746 929 2804 ad
944 2746 1058 2802 bouum
1112 2739 1209 2810 ipsum
1224 2739 1261 2798 ab
1272 2742 1461 2814 huJ'usonere
1476 2745 1663 2804 difficultatis
1673 2745 1805 2804 absolvas
1817 2749 1843 2800 et
1854 2759 1869 2798 a
1879 2741 1909 2796 la·

230 2833 487 2892 reorredosmerav
497 2835 577 2908 quod
588 2837 710 2894 dimisit.
722 2837 795 2895 eum
810 2837 911 2907 itaque
922 2851 1059 2894 nonme·
1112 2827 1169 2885 biis
1184 2829 1293 2888 liberes
1306 2831 1516 2904 denaniorum,
1533 2835 1584 2906 qui
1599 2851 1663 2894 uon
1678 2836 1773 2894 sctum
1788 2851 1846 2906 me
1859 2847 1909 2903 por·
1941 2905 1942 2924 ,

230 2921 370 2980 diocriter
387 2929 466 2980 erret
477 2925 529 2998 qui
540 2924 639 2982 minus
648 2924 760 2982 bonurn
770 2926 877 2998 maiori
892 2925 969 2981 bono
980 2940 1057 2998 prm·
1112 2933 1215 2990 peram
1225 2925 1411 2980 attentantur
1422 2924 1460 2981 ad
1474 2923 1693 2984 detractionem
1706 2925 1860 2986 assumunt,
1870 2916 1907 2973 sed

230 3012 324 3083 ponto,
332 3012 511 3076 fraternitati
525 3017 581 3070 tuae
592 3030 647 3086 per
655 3019 751 3086 spon,
759 3013 1058 3087 scriptamandamus
1112 3007 1213 3078 etiam,
1230 3011 1393 3070 seeundum
1420 3013 1608 3086 propnetam,
1625 3017 1805 3075 exacuerunt
1822 3007 1908 3078 copla-

229 3101 1059 3176 qnatenus,inquisitasuperpramissiediligentiussari·
1112 3095 1195 3154 dium
1210 3097 1327 3172 linguas
1341 3116 1421 3170 suas,
1436 3101 1629 3162 tetenderunt
1648 3119 1751 3162 arcum
1766 3117 1826 3160 rem
1843 3111 1907 3156 ome·

227 3195 298 3260 tate,
311 3191 335 3248 si
350 3205 414 3246 rem
429 3191 579 3249 inveneris
593 3192 635 3248 ita
652 3209 726 3261 esse,
742 3192 864 3265 prmlato
878 3191 962 3248 tratri
972 3193 1002 3248 Β.
1015 3191 1052 3250 li·
1065 3176 1092 3243 C
1106 3201 1182 3256 ram,
1192 3189 1373 3262 utsagittent
1382 3190 1520 3248 innoxios
1530 3191 1561 3250 in
1574 3194 1711 3254 occultis.
1722 3189 1852 3252 ditandos
1863 3185 1904 3255 igi·

227 3279 355 3338 centiam
365 3280 541 3338 auctoritate
554 3280 716 3353 apostolico
726 3281 860 3354 praebeas
874 3281 911 3340 ad
921 3281 1052 3354 primum
1108 3281 1157 3334 tur
1171 3283 1283 3348 quanta
1298 3295 1351 3338 nos
1365 3278 1499 3349 infamis,
1513 3287 1625 3353 quanta
1635 3288 1665 3342 te
1673 3281 1810 3344 detractio
1824 3289 1906 3345 seque·

228 3369 364 3426 ordinem
377 3369 532 3428 redeundi.
1107 3373 1201 3436 retur,
1217 3368 1243 3424 si
1259 3369 1303 3424 vel
1313 3370 1510 3443 justapetitio
1536 3371 1648 3430 assulis
1664 3389 1724 3430 non
1747 3367 1868 3429 introiret
1883 3363 1903 3418 in

153 3482 157 3488 ·
236 3503 238 3510 .
263 3459 369 3516 Datum
385 3458 531 3530 Laterani,
545 3475 591 3516 vttt
606 3459 675 3518 ldus
689 3460 767 3518 blaii.
1107 3478 1194 3520 aures
1208 3465 1336 3529 nostres,
1352 3461 1399 3518 vel
1412 3466 1441 3520 ta
1455 3461 1556 3520 tratris
1570 3463 1711 3522 exsilium
1730 3477 1787 3522 non
1800 3459 1903 3517 moveret

596 3567 682 3622 nvn,
1108 3560 1138 3612 et
1149 3552 1286 3612 eumdem
1297 3552 1554 3626 archiepiscopum
1562 3555 1599 3612 ob
1607 3555 1800 3614 reverentiam
1810 3552 1902 3623 aposto·

442 3681 470 3720 ῃ,
491 3681 602 3721 ,pm
625 3681 687 3721 m,
706 3681 838 3722 mmm„
1108 3646 1173 3704 lices
1186 3644 1277 3712 sedis,
1289 3660 1354 3716 qum
1365 3649 1393 3700 te
1405 3645 1649 3717 tanquamliliurn
1661 3647 1757 3720 diligit
1772 3638 1900 3716 specialem

228 3754 309 3820 Quod
331 3756 456 3811 „smum
483 3753 552 3810 gom
585 3755 787 3826 mmmm
814 3755 998 3822 ggopagggp,
1028 3759 1055 3810 ,g
1108 3741 1139 3792 et
1153 3735 1184 3792 iu
1198 3735 1255 3792 boc
1265 3739 1295 3790 et
1307 3733 1472 3807 majoribus
1487 3734 1721 3792 deeelsitudiuis
1734 3741 1790 3790 tom
1804 3727 1901 3788 sinceri-

260 3828 404 3897 permittut
426 3827 518 3896 ipsum
545 3827 792 3886 administrationis
820 3829 943 3898 omnimo
971 3827 1054 3884 tibere
1109 3829 1168 3880 tate
1182 3823 1316 3891 contidit,
1328 3823 1358 3878 in
1371 3822 1588 3896 plenitudinem
1600 3826 1702 3898 gratim
1713 3815 1902 3897 regalisadmit·

264 3913 398 3954 Willi-
1109 3919 1165 3981 tas,
1181 3917 1211 3968 et
1229 3911 1336 3985 diligas
1354 3912 1431 3968 sicut
1447 3912 1568 3968 tratrem
1584 3919 1613 3969 et
1626 3914 1708 3970 velut
1720 3909 1821 3968 Christi
1835 3901 1902 3962 mini-

446 3984 603 4058 (Lttefflssir
623 4003 651 4041 Ν
666 3985 729 4042 Kal·
750 3986 841 4060 Mlib)
1110 4000 1341 4058 strumhonores
1352 4005 1404 4068 sut
1418 4001 1516 4058 inuno
1529 4002 1694 4075 eodemque
1711 4000 1820 4075 negotio
1831 3997 1901 4051 llenn

267 4092 324 4163 (33)
343 4091 514 4164 Apostolica
533 4091 618 4148 sedes
642 4092 848 4150 universorum
871 4092 1056 4152 Christitlde-
1110 4092 1163 4148 tibi
1183 4089 1290 4147 reddas
1308 4091 1482 4164 propitium,
1503 4091 1643 4148 consulas
1662 4089 1823 4168 apostolica
1842 4079 1901 4139 sedis

230 4182 305 4240 lium
320 4187 415 4240 mater
430 4187 460 4237 et
474 4180 623 4254 magistra,
639 4198 699 4239 non
717 4181 753 4240 ab
764 4183 885 4240 homine
899 4182 952 4238 sad
966 4199 984 4240 a
996 4183 1055 4238 lleo
1110 4180 1292 4249 honori,tuae
1300 4179 1386 4237 saluti
1394 4179 1673 4252 provideasetlratri
1680 4178 1826 4240 subvenias
1835 4185 1901 4230 exso·

230 4273 328 4345 potius
338 4271 508 4340 constituta,
520 4275 591 4328 tunc
603 4287 677 4328 vareo
688 4273 938 4329 matrisallectum
950 4276 1055 4328 etma-
1110 4271 1194 4327 tanti.
1207 4271 1318 4325 Memor
1333 4275 1396 4326 esto
1410 4269 1538 4328 salubris
1553 4271 1673 4330 consilii
1687 4269 1763 4344 qnod
1778 4264 1852 4323 nobis
1863 4273 1901 4331 per

230 4363 344 4436 gistarii
359 4361 475 4420 redolet
489 4360 690 4434 disciplinam,
709 4377 776 4420 cum
787 4360 825 4420 ad
841 4361 1056 4435 benignitatem
1110 4367 1176 4418 tuas
1190 4359 1316 4426 litteras,
1325 4357 1511 4426 utduximus,
1522 4358 1693 4430 prmbuisti;
1706 4366 1734 4418 et
1744 4357 1808 4416 dum
1818 4363 1900 4409 secon-

230 4453 331 4524 gratioe
340 4451 435 4527 diligit
450 4452 529 4511 illios
540 4457 570 4510 et
584 4450 748 4523 discipulos
768 4450 805 4508 ad
816 4450 941 4524 Justitim
956 4451 1057 4524 dirigit
1110 4449 1181 4506 dum
1196 4445 1271 4506 illud
1286 4463 1340 4504 nos
1354 4463 1441 4520 agere
1454 4449 1653 4522 recognoscis,
1663 4449 1741 4524 quod
1755 4447 1855 4520 agimus
1866 4451 1900 4534 ll·

229 4542 411 4612 equitatem.
428 4545 492 4600 Non
508 4542 588 4598 enirn
608 4545 706 4612 potest
719 4541 765 4598 vel
785 4539 974 4599 dissimulare
989 4558 1052 4600 ma·
1068 4550 1094 4618 D
1111 4539 1219 4614 probes
1235 4542 1264 4593 et
1278 4535 1416 4610 regaliter
1432 4538 1604 4612 exsequaris
1617 4557 1625 4610 ;
1636 4556 1674 4600 ne
1685 4534 1897 4614 quinosjcstem

228 4635 306 4686 trem
317 4631 363 4686 vel
373 4631 576 4704 magisterium
588 4629 721 4702 qualibet
731 4630 1054 4703 occasionenegligere,
1110 4617 1898 4699 omnibusprocederesunnessisti,secundumjnstitiml

229 4737 295 4792 queo
304 4719 789 4792 allominoinsiguumdilectionis
803 4736 871 4775 oves
885 4720 1055 4777 Dominicas
1109 4717 1264 4792 agentibus
1276 4723 1302 4774 te
1318 4733 1461 4790 opponas,
1474 4717 1527 4776 sed
1540 4717 1685 4776 taliterad
1696 4711 1898 4774 exhortationem

229 4809 395 4884 poscendas
411 4809 443 4866 in
456 4809 544 4868 beato
560 4811 647 4865 Petro
658 4809 771 4883 recepit
781 4814 811 4866 et
825 4808 936 4884 ligandi
951 4814 981 4866 et
995 4811 1053 4866 sol·
1109 4813 1241 4866 nostram
1262 4822 1347 4864 cures
1366 4823 1435 4864 cum
1458 4807 1562 4866 codam
1587 4807 1802 4882 archiepiscopo
1816 4809 1899 4854 conre-

229 4897 316 4955 vendi
332 4896 368 4953 ab
385 4897 491 4954 eodem
507 4903 537 4954 et
550 4897 582 4956 iu
596 4897 702 4954 eodem
718 4898 846 4956 obtinuit
864 4903 1052 4971 potestatem.
1109 4899 1184 4966 nire,
1200 4895 1280 4970 quod
1293 4897 1364 4970 jura
1378 4898 1443 4972 ejus
1458 4897 1574 4956 auterre
1589 4897 1633 4958 sel
1649 4898 1779 4956 retinuere
1801 4883 1898 4978 rnittimt

229 4988 274 5045 Ad
290 4987 319 5043 id
336 4992 435 5044 autem
448 4987 534 5059 juxto
548 4987 705 5060 pastoralis
717 4987 807 5046 oflicii
823 4988 956 5044 debitum
970 5005 1054 5044 exse·
1108 4986 1233 5044 ridearis
1244 4990 1274 5044 et
1288 4986 1351 5060 ipsa
1363 4992 1466 5046 eontra
1480 5003 1564 5046 suam
1573 4991 1602 5044 ot
1613 4985 1747 5046 Ecclesia
1757 4995 1812 5038 non
1821 4969 1898 5068 tellit

228 5077 381 5150 quendum
396 5077 474 5132 circa
485 5081 594 5134 nostres
605 5078 801 5150 promotionis
812 5077 898 5133 initia
912 5078 993 5150 regia
1008 5094 1053 5134 sc·
1108 5079 1307 5136 honestatem.
1323 5074 1367 5132 Ad
1383 5075 1413 5134 id
1435 5081 1534 5134 autem
1555 5075 1732 5136 laudabilius
1751 5076 1779 5128 at
1796 5063 1895 5122 celemus

227 5167 338 5224 renites
354 5182 409 5239 per
422 5165 547 5234 litteras,
557 5181 631 5237 quas
647 5182 801 5240 peuesnos
816 5167 848 5222 in
863 5172 920 5224 tum
936 5167 1053 5224 serani·
1109 5166 1330 5239 exsequendum
1340 5165 1475 5222 venerab.
1488 5163 1751 5224 tratremnostrnm
1766 5153 1894 5216 naucum·

227 5257 297 5313 tatis
312 5256 517 5314 testimonium
546 5271 742 5322 reservamus,
762 5255 923 5312 efficaciter
938 5272 993 5312 nos
1008 5256 1054 5312 in·
1107 5271 1174 5328 gen.
1199 5253 1455 5326 arehiepiscopum
1470 5259 1500 5310 et
1519 5253 1660 5314 dilectum
1675 5253 1764 5308 fllium
1786 5240 1894 5324 abbatem

229 5345 314 5402 duxit
337 5363 344 5414 ς
361 5345 432 5403 dum
442 5350 476 5402 ut
490 5343 617 5418 benigue
629 5349 823 5402 tractaremus
835 5343 969 5400 subditos
982 5349 1011 5400 et
1022 5343 1054 5400 iu
1109 5343 1145 5402 de
1160 5343 1328 5416 Persagnia,
1339 5342 1512 5414 dequorum
1523 5342 1700 5401 discretione
1710 5317 1893 5414 plenecoosm·

228 5433 399 5490 cansissine
408 5450 604 5506 personarum
615 5434 788 5508 acceptione
800 5432 961 5505 procedere
969 5449 1053 5490 cura·
1110 5450 1186 5500 mus,
1202 5432 1339 5492 duximus
1355 5431 1552 5510 deputandos,
1568 5433 1619 5508 qui
1636 5433 1784 5492 honestum
1800 5410 1894 5474 mmmlt

266 5641 323 5715 (33)
340 5641 413 5700 Vide
426 5645 529 5712 Roger.
547 5641 583 5698 de
600 5640 747 5698 lloveden.
763 5639 800 5696 ad
815 5656 864 5698 au.
882 5643 961 5711 1198,
976 5639 1028 5698 fol.
1044 5642 1096 5697 sto
1111 5640 1181 5697 edit.
1194 5640 1318 5699 Londin.
