3918 6014
157 279 193 320 va
368 283 371 292 ·
824 259 1056 316 lNNOCENTIUS
1075 261 1113 314 lll
1132 263 1188 316 Pe.
1483 311 1485 319 ,
1810 281 1866 321 rura
1955 255 1956 260 ἵ

42 423 43 426 =
153 391 250 446 curaui
263 396 289 446 et
304 367 453 458 ditipenlcr
469 386 623 459 recopnoua',
636 386 731 456 aptam
742 385 871 443 corahnuo
884 385 1053 444 occasionem
1067 382 1151 459 qaam
1165 385 1372 443 illustrissimus
1393 387 1530 459 Veriusius
1553 388 1792 444 christianissimi
1815 405 1866 446 rc·
1955 423 1956 426 =

152 479 196 547 pis
219 477 255 534 ad
281 477 435 534 Germaniae
456 477 596 550 principes
621 476 737 548 tepalus,
757 491 893 548 perquam
916 475 987 532 mihi
1000 475 1167 546 familiaris,
1181 475 1259 556 modo
1273 475 1320 532 bia
1329 465 1464 547 praescus,
1476 476 1564 548 obieri,
1580 475 1652 532 hanc
1666 476 1786 534 codicem
1802 482 1866 534 tuto
1955 481 1956 484 ’

153 567 189 622 ad
202 575 228 624 te
240 567 380 638 mittendi,
396 570 424 622 ul
438 565 558 622 cruditos
574 564 682 637 inponit
695 565 741 620 lui
755 565 862 622 labores
878 564 927 620 hoc
938 565 1035 621 sallem
1049 580 1164 621 mussare
1177 565 1337 635 adjuvarem
1347 571 1431 636 atqua
1440 563 1601 622 excitarem.
1613 565 1866 639 capitanipuidem

153 655 271 712 antebac
283 655 342 728 ipsc
355 657 405 712 bas
419 654 547 728 epistolas
561 653 634 711 notis
650 654 806 710 illustratas
819 643 985 726 publicare,·
1001 653 1047 709 sed
1060 653 1237 724 pravioribus
1250 653 1358 726 reipub.
1379 654 1456 710 curis
1479 653 1632 721 districtus,
1655 655 1717 724 tibi,
1741 657 1785 712 oir
1809 656 1863 711 do-

155 745 287 813 ctissime,
300 746 371 800 banc
384 743 462 800 modo
473 745 648 816 procinctam
663 744 705 800 do.
725 743 775 800 ttbi
787 743 878 800 codice
891 759 950 800 meo
964 747 1101 817 quantum
1114 743 1228 818 libuerit
1241 759 1308 800 usus
1323 741 1491 814 tusciacum
1500 759 1563 800 cum
1574 752 1621 800 tuo
1630 745 1769 802 commodo
1778 743 1866 800 nobis

157 836 286 892 restituas
296 835 388 890 velim.
407 833 479 902 Vale,
494 837 521 890 et
534 833 724 890 illustrissimo
740 831 804 890 hero
819 841 866 890 tuo
882 837 915 890 D.
932 830 1052 889 Cotbcrto
1068 831 1215 904 meadescr
1229 831 1321 904 officia
1333 847 1397 889 cum
1409 832 1500 889 solute
1510 831 1643 904 plurima.

193 924 424 980 materiamen
438 922 478 978 tt.
494 922 583 994 April.
600 923 680 978 1672.

194 1015 226 1068 ln
242 1027 274 1069 eo
289 1012 375 1084 igitur
390 1012 510 1082 Regesto
525 1011 585 1069 sire
599 1011 673 1068 libro
688 1012 872 1070 continentur
886 1010 1013 1082 epistota
1029 1026 1100 1084 quas
1113 1009 1298 1068 Innocentius
1312 1009 1350 1067 ttt
1362 1010 1397 1068 ad
1421 1009 1547 1068 diversos
1569 1009 1684 1082 scripsit
1707 1012 1865 1069 occasione

157 1101 321 1159 schismatis
345 1100 420 1173 quod
440 1108 500 1160 tum
516 1108 575 1158 erat
590 1101 620 1158 in
635 1101 755 1171 imperio
770 1100 950 1170 Germanico,
966 1103 1028 1157 lam
1043 1100 1129 1180 ctiam
1145 1116 1186 1157 eae
1201 1116 1270 1172 quas
1284 1099 1333 1156 alii
1347 1099 1382 1157 ad
1397 1097 1477 1156 illum
1496 1100 1531 1157 de
1543 1100 1643 1158 eodem
1657 1103 1773 1173 negatio
1786 1101 1864 1158 scri-

155 1206 248 1262 psere.
265 1193 298 1248 ln
314 1205 369 1262 quo
384 1189 457 1248 illud
473 1191 504 1246 in
519 1190 620 1262 primis
633 1189 842 1248 obseruandum
857 1194 909 1260 est,
925 1189 1036 1246 nullam
1052 1205 1086 1246 cx
1104 1189 1147 1246 bis
1160 1188 1288 1260 epistolis
1311 1195 1421 1246 exstare
1445 1189 1475 1246 ln
1499 1187 1582 1246 libris
1604 1188 1787 1263 epistolarum
1809 1189 1864 1262 qui

148 1296 204 1351 per
227 1296 320 1338 annos
342 1279 527 1351 pontificatus
552 1280 654 1352 digesti
680 1287 758 1350 aunt,
782 1279 848 1351 quia
873 1279 1069 1350 lnnocenliua,
1089 1279 1150 1350 jam
1170 1278 1206 1336 ab
1230 1279 1312 1336 initio
1327 1277 1486 1350 praeridens
1500 1278 1574 1336 hane
1588 1294 1702 1337 causam
1717 1279 1810 1336 uarios
1825 1296 1865 1336 ac

154 1367 328 1438 multiplices
343 1371 463 1426 eventus
478 1367 650 1436 babituram,
666 1368 814 1426 constituit
827 1368 1001 1440 peculiarem
1016 1368 1098 1424 istius
1110 1368 1206 1440 magni
1220 1367 1326 1439 negotii
1339 1366 1540 1425 collectionem
1554 1367 1657 1425 lacere.
1672 1367 1731 1426 Nos
1749 1376 1863 1437 tamen,

155 1456 222 1529 quia
235 1457 388 1528 Hegeatum
403 1455 473 1513 illud
490 1472 549 1514 non
560 1455 736 1514 habebamus
751 1472 784 1514 eo
799 1464 992 1528 temporaque
1002 1456 1144 1514 secundus
1154 1455 1354 1514 liberrecusua
1368 1463 1421 1524 est,
1432 1455 1462 1512 in
1472 1455 1554 1512 illum
1565 1457 1741 1528 conjecimus
1751 1459 1865 1528 priores

156 1547 227 1602 duas
251 1544 385 1616 epistolas
406 1545 474 1602 libri
497 1545 532 1603 de
555 1545 671 1619 negotio
693 1545 817 1616 imperii,
841 1561 913 1617 quas
927 1545 1127 1602 inveneramus
1142 1543 1172 1602 in
1186 1544 1349 1602 Annalibus
1362 1543 1566 1602 ecclesiasticis
1579 1544 1694 1603 Odorici
1709 1545 1864 1618 Raynaltlh

146 1641 184 1692 ct
199 1634 234 1688 ad
249 1630 353 1690 librum
369 1634 528 1690 secundum
549 1633 735 1704 pontificatus
758 1634 900 1705 pertinere
925 1633 1072 1692 constabat
1095 1633 1145 1706 (t).
1171 1631 1309 1690 Ceteram
1333 1633 1401 1690 licet
1423 1633 1454 1688 in
1479 1633 1628 1689 nonnullis
1652 1632 1780 1706 epistolis
1805 1633 1865 1692 boc

156 1723 275 1794 chcsto
298 1722 451 1791 contentis,
476 1737 540 1794 que
560 1738 578 1778 a
601 1722 669 1779 siris
689 1721 857 1780 clarissimis
880 1721 963 1779 editae
987 1727 1064 1790 sunt,
1078 1721 1228 1793 episcopus
1242 1719 1382 1778 Ostiensis
1397 1719 1446 1792 qni
1458 1721 1488 1777 ln
1503 1721 1684 1778 Germaniam
1699 1723 1803 1780 missus
1817 1729 1867 1781 est

157 1823 223 1867 cum
242 1812 331 1867 Leone
345 1811 490 1868 cardinale
505 1810 616 1868 Sancta
632 1811 730 1868 Crucis
744 1817 858 1868 nocetur
872 1810 963 1883 liupo,
980 1809 1074 1882 itaque
1088 1811 1174 1866 etiam
1189 1810 1333 1866 interdum
1350 1809 1487 1880 scriptam
1512 1809 1549 1866 sit
1571 1809 1602 1866 in
1625 1810 1780 1882 exemplari
1803 1827 1865 1885 quo

159 1913 227 1954 naus
250 1915 325 1969 sum,
350 1905 514 1957 constanter
535 1903 631 1956 tamen
657 1898 831 1969 hugolinum
856 1899 964 1967 rocavi,
987 1899 1176 1970 quincentum
1191 1896 1290 1955 estitli
1306 1898 1359 1955 boc
1376 1913 1483 1956 nomen
1497 1898 1595 1956 tuisse.
1612 1899 1690 1964 Quod
1704 1900 1866 1959 admonere

158 1987 250 2044 risum
265 1994 318 2056 est,
335 2003 371 2044 ne
385 1987 450 2060 quis
464 2003 502 2045 ne
515 1987 597 2045 malae
613 1987 679 2044 lidei
695 1987 852 2044 insimulet.

193 2075 235 2134 Ne
249 2075 316 2148 quid
330 2091 409 2146 vero,
424 2079 562 2148 quantum
587 2075 622 2132 ad
647 2091 740 2132 meam
765 2090 862 2133 euram
884 2075 996 2145 attinet,
1021 2077 1088 2134 huic
1110 2075 1230 2134 editioni
1252 2076 1372 2148 deesset,
1393 2075 1490 2132 addidi
1515 2076 1599 2132 Gesta
1622 2075 1781 2134 Innocentii
1806 2078 1863 2148 tlt,

156 2165 262 2236 scripta
281 2164 317 2220 ab
330 2167 447 2222 auctore
461 2165 577 2222 illorum
591 2171 764 2235 temporum,
779 2164 879 2222 eadem
892 2181 961 2222 sane
975 2181 1038 2236 qua
1052 2165 1264 2222 illustrissimus
1278 2165 1428 2236 episcopus
1442 2164 1664 2236 Monspeliensis
1678 2165 1747 2222 olim
1761 2167 1867 2224 edide-

157 2261 199 2311 rat
221 2271 254 2311 ex
279 2253 379 2311 codice
404 2269 457 2310 ms.
482 2253 594 2326 collegii
617 2253 765 2324 Fanensis,
781 2255 829 2311 sed
846 2255 936 2311 mutto
951 2254 1079 2312 meliora.
1095 2255 1138 2311 Ad
1151 2270 1184 2312 ea
1196 2261 1290 2312 autem
1306 2253 1483 2312 emendanda
1496 2269 1563 2312 naus
1578 2270 1643 2311 sum
1659 2255 1769 2312 duobus
1783 2257 1866 2313 anti-

156 2343 220 2414 quis
232 2342 462 2414 exemplaribus;
478 2357 597 2414 quorum
614 2358 703 2398 unum
718 2348 810 2399 exstat
825 2343 856 2400 ia
872 2342 1044 2400 bibliotheca
1058 2343 1144 2415 regia,
1160 2343 1237 2400 allud
1254 2343 1339 2401 nobis
1354 2342 1483 2400 exhibuit
1499 2342 1662 2400 humanitas
1673 2343 1866 2402 illustrissimi

135 2457 137 2462 ·
155 2433 318 2489 siricarcll
333 2431 457 2488 Mauritil
472 2431 599 2489 'lellierii
615 2432 822 2503 archiepiscopi
838 2432 997 2489 Remensis.
1014 2432 1087 2488 Usus
1101 2439 1237 2503 praeterea
1252 2447 1316 2488 sum
1331 2433 1461 2504 exempla
1486 2433 1562 2505 quod
1586 2433 1629 2489 air
1653 2432 1864 2492 celeberrimus

156 2528 184 2578 et
198 2521 268 2578 alter
295 2520 420 2578 historiae
445 2528 548 2578 nostres
563 2536 667 2593 parens
680 2521 810 2578 Andreas
824 2521 1005 2579 Ducbesnins
1020 2537 1106 2578 manu
1121 2536 1171 2578 sua
1185 2521 1374 2594 descripserat
1389 2537 1423 2580 ea
1439 2522 1528 2578 veteri
1541 2521 1640 2580 codice
1655 2539 1709 2580 ms.
1725 2523 1866 2580 Ecclesia

157 2610 317 2680 Pediensis,
333 2609 382 2681 qui
398 2610 496 2666 multis
510 2610 540 2666 in
555 2608 627 2667 locis
642 2616 754 2681 praestat
770 2610 888 2682 reliquis
902 2611 1022 2668 duobus.
1584 2601 1588 2606 ’

192 2703 333 2756 Praeterea
349 2700 381 2756 in
404 2700 526 2772 gratiam
544 2698 738 2757 studiosorum
751 2699 824 2770 iuris
840 2699 972 2758 canonici
986 2699 1119 2757 adnotari
1134 2716 1181 2757 aas
1196 2699 1330 2772 epistolas
1344 2714 1406 2771 quac
1421 2706 1487 2758 sunt
1501 2699 1531 2758 in
1546 2715 1666 2773 corpora
1677 2701 1772 2771 juris3
1789 2707 1817 2762 et
1831 2708 1866 2758 nt

158 2787 272 2846 lucilius
286 2787 410 2846 inueniri
425 2803 543 2858 queque
556 2785 657 2858 pessit,
672 2803 770 2844 earum
785 2786 939 2846 elenchum
953 2787 1166 2860 alphabeticum
1181 2787 1301 2846 institui.
1318 2793 1404 2846 Porro
1419 2789 1450 2846 ln
1464 2789 1594 2860 epistolia
1604 2789 1664 2846 illis
1675 2790 1866 2847 emendandis

158 2891 228 2933 usus
243 2891 306 2932 sum
322 2874 432 2932 duobus
445 2875 572 2947 antiquis
586 2875 733 2934 codicibus
758 2891 838 2943 msa,
863 2892 920 2934 uno
943 2876 1125 2935 bibliotheca
1148 2877 1326 2948 colbertina,
1345 2878 1434 2936 altere
1458 2877 1624 2936 manasterii
1646 2879 1745 2936 Sancti
1765 2878 1865 2935 atbini

156 2965 378 3034 andegavensis.
408 2962 442 3021 ln
466 2963 559 3037 primo
586 2964 773 3022 continentur
801 2966 893 3037 tertia,
922 2973 1021 3039 quarta
1047 2973 1074 3023 et
1102 2965 1202 3038 quinta
1229 2965 1391 3039 compilatio
1407 2965 1763 3035 Decretaliam31nallero
1779 2965 1864 3024 tertia

156 3061 277 3111 tantam.

190 3143 401 3200 Constitueram
413 3142 483 3200 elim
499 3149 581 3200 netas
595 3143 678 3200 edere
692 3143 727 3200 ad
742 3141 804 3208 loca
818 3144 949 3215 quedam
964 3144 1082 3201 latarum
1097 3143 1281 3217 epistolarum
1296 3144 1450 3203 illustriora
1463 3152 1512 3202 aut
1531 3143 1715 3216 difficiliora;
1741 3146 1788 3202 scd
1811 3160 1863 3217 pe-

157 3233 241 3290 nuria
257 3233 307 3290 otii
322 3233 429 3312 ¹iactum
445 3239 488 3290 cst
501 3240 532 3288 nt
546 3241 683 3290 mutarem
699 3232 863 3290 consilium.

191 3323 225 3378 ln
250 3322 307 3378 bne
327 3337 445 3380 necesse
461 3321 556 3378 risum
570 3328 613 3378 est
627 3322 739 3379 reniam
755 3321 892 3378 tarditatis
906 3321 1064 3396 deprecari,
1080 3324 1155 3396 quod
1170 3339 1243 3395 opus
1255 3330 1322 3380 ante
1337 3323 1502 3396 quindecim
1518 3338 1610 3381 annos
1620 3323 1789 3406 incaptum,
1803 3328 1862 3379 tam

157 3427 219 3468 scre
234 3411 291 3468 exit
306 3410 336 3467 in
351 3411 458 3468 lucem.
474 3411 570 3467 Multae
584 3412 700 3468 luerunt
713 3411 878 3468 occasiones
892 3427 955 3482 quae
970 3427 1015 3468 rae
1030 3420 1183 3484 coegerunt
1207 3413 1393 3485 supersedere
1418 3412 1472 3470 hoc
1495 3410 1605 3484 labere,
1630 3412 1771 3484 precipua
1795 3427 1864 3468 rere

159 3500 226 3572 qnia
250 3501 297 3556 diu
324 3500 485 3570 exspectari
501 3498 674 3571 exemplaria
689 3499 828 3557 librorum
843 3499 1026 3558 bibliothecae
1039 3497 1203 3571 Vaticana3
1219 3502 1306 3573 quisi
1321 3503 1458 3558 darentur
1473 3502 1503 3558 in
1519 3501 1630 3574 vulgus,
1648 3501 1801 3558 maximam
1815 3500 1863 3556 lu·

158 3603 221 3645 cem
237 3589 373 3647 efferrent
387 3589 515 3648 historia
530 3588 729 3648 ecclesiasticae
744 3590 859 3647 illorum
874 3597 1043 3662 temporum,
1059 3591 1237 3663 multamque
1251 3591 1447 3648 conducerent
1458 3590 1493 3658 ad
1503 3591 1711 3648 ostendendam
1728 3603 1861 3661 magnam

160 3694 224 3750 quse
240 3685 299 3734 tum
315 3685 374 3736 erat
390 3679 512 3735 Romani
526 3678 670 3750 pontificis
684 3679 890 3736 auctoritatem.
908 3669 910 3676 ’

196 3765 388 3836 lutulentae,
403 3773 431 3822 et
445 3765 500 3837 piis
516 3765 677 3823 innocentii
694 3765 826 3822 manibus
841 3765 913 3824 bene
929 3781 1055 3836 precare.

153 3964 155 3970 Α
194 3891 231 3964 tl)
246 3895 304 3947 Has
319 3891 442 3962 Rapistro
457 3905 540 3962 super
553 3891 661 3962 nepotio
676 3890 795 3948 Romani
807 3889 920 3964 imperii
935 3893 1208 3960 restituimusddmr.
1225 3897 1308 3951 Para.

746 4239 926 4302 vibebant
948 4241 1272 4304 CLARISSlMORUM

212 4438 714 4581 sanqualem!
755 4444 867 4546 H
910 4446 1018 4546 LA
1059 4438 1337 4548 ΡΟΜΕ
1380 4442 1492 4547 Dii
1535 4444 1804 4548 'mma
1919 4565 1926 4586 ,

860 4706 1137 4798 Mourena
1457 4665 1460 4670 ’

357 4927 359 4932 ’
380 4912 434 4983 hd
452 4934 557 4984 suam
577 4913 788 4984 innocentii
804 4915 1045 5002 Regesiorum
1066 4913 1327 4984 anecdotorum
1344 4913 1543 4985 editionem
1560 4914 1617 5002 (l).

186 5277 222 5334 La
244 5275 395 5335 collection
418 5271 550 5347 generale
574 5273 623 5330 des
649 5273 743 5345 plicas
759 5273 891 5330 relatives
906 5273 1073 5333 ll'hisloire
1087 5274 1123 5332 de
1139 5275 1245 5332 France
1259 5289 1275 5332 a
1290 5275 1334 5332 ete
1348 5273 1453 5332 diriseo
1467 5287 1503 5330 en
1517 5273 1592 5330 deux
1607 5271 1724 5344 parties,
1739 5269 1808 5326 dont
1822 5268 1850 5326 la

147 5365 289 5439 premiere
303 5365 470 5424 contiendra
485 5363 666 5435 separemeni
681 5363 722 5422 les
733 5361 859 5433 chamas,
876 5363 1017 5438 diplbmes
1031 5371 1058 5422 et
1073 5371 1167 5422 autres
1182 5371 1259 5422 actes
1278 5363 1433 5437 originaux
1457 5366 1644 5436 proprement
1670 5361 1737 5430 dlts,
1763 5359 1857 5416 tendis

183 5523 225 5593 (l)
239 5519 415 5594 diplomata,
433 5519 553 5586 Chartae,
568 5517 700 5592 Epistulae
713 5523 741 5576 ct
755 5519 814 5577 otia
827 5518 977 5577 decanica·
1027 5536 1179 5593 raramque
1201 5521 1348 5592 sepianum
1371 5521 1493 5576 archivis
1514 5535 1547 5576 ac
1569 5517 1754 5587 bibliothecis,
1779 5514 1857 5584 iussu
1955 5497 1956 5560 Ῑ

148 5601 176 5651 ta
192 5597 286 5652 adres
296 5593 632 5664 Franciscasspcctanlia,
643 5590 801 5648 cadioersis
812 5593 897 5666 repni
905 5599 977 5649 ecte·
1027 5595 1102 5664 repis
1129 5590 1370 5662 christianissimi,
1395 5591 1545 5649 maltorum
1568 5591 1746 5649 eruditorum
1770 5588 1855 5655 curis,
