3918 6014
82 121 162 164 cxm
448 95 453 102 '
794 103 914 159 eneas.
931 127 966 142 -
982 99 1040 154 art.
1060 97 1141 152 auae.
1756 121 1818 162 arn

7 209 8 288 J
81 251 171 294 mam
184 234 559 362 mississrerreremaffiud
573 232 933 315 pontilicemiioelestinum
946 232 975 298 Α
990 227 1056 296 hue,
1085 232 1115 282 nt
1143 241 1192 284 rex
1218 225 1279 297 ipse
1307 224 1410 312 horum
1433 225 1631 314 episcoporum
1657 231 1816 294 ministerio

84 309 127 364 lii
146 315 309 374 accusant,
328 305 441 364 dietatis
455 305 491 362 ab
529 307 599 364 irico
616 314 642 364 et
658 305 932 376 asseclisejusirtte·
991 304 1186 356 coronaretur.
1198 295 1415 370 istesolemma,
1430 303 1551 372 praeside
1565 302 1692 373 Nicoiao,
1709 306 1816 379 bergis,

85 383 141 446 ris,
161 378 278 451 quihus
293 379 456 434 iotaseries
471 393 568 436 eorum
595 395 656 450 quae
685 379 759 436 inter
786 389 879 448 regem
908 381 935 432 et
991 371 1063 428 iesto
1086 367 1280 454 apostolerum
1306 369 1433 454 Petritet
1456 373 1549 456 Pauli,
1575 377 1648 447 quod
1674 377 1704 434 in
1721 382 1816 436 tertias

84 454 195 523 ipsum
207 450 319 524 agitata
334 452 622 520 erani,exponebnrur
634 467 641 518 ;
651 465 713 522 que
726 450 841 521 perintra
856 447 934 504 hunc
990 442 1130 525 utendas
1154 439 1232 511 inin,
1254 456 1305 497 seu
1320 441 1447 500 29’drem
1460 443 1532 502 iniri
1544 445 1654 516 incidit,
1671 465 1774 520 magno
1789 459 1816 509 et

88 523 219 592 quidem
238 520 373 580 effectum
394 521 529 588 habuere,
560 530 590 579 nt
618 522 760 579 sententia
788 519 936 592 pontificis
991 515 1141 598 splendido
1156 521 1290 584 apparatu
1306 519 1428 597 peracta.
1447 516 1515 599 inde
1537 517 1670 590 Episcopi
1693 522 1815 591 dimissi,

88 593 321 660 Sverrerem,ni
335 592 532 662 archipresuli
546 593 645 650 omnia
659 593 861 664 quaejureipse
876 591 934 646 exi·
991 585 1148 669 multusque
1159 600 1205 670 'ac
1225 600 1334 656 magnas
1359 587 1537 668 muneribus,
1562 597 1589 645 et
1613 607 1725 649 summa
1741 597 1815 668 regis

89 674 189 736 geret,
202 667 321 734 integra
334 680 430 720 rursus
440 665 617 735 permitteret
625 662 936 725 excommunicandum
990 665 1079 732 gratia
1091 665 1178 725 aucti,
1193 657 1227 712 ad
1242 673 1293 712 suu
1307 658 1464 716 redierunt.
1481 680 1496 709 a

90 743 249 793 censeret.
267 737 438 808 impetratas
452 751 537 807 snper
552 737 606 793 hoc
622 737 719 795 numa
734 735 843 792 litteras
862 735 936 796 Eui·
1025 728 1111 786 hddit
1136 727 1264 785 ‘ierimus
1279 743 1287 784 :
1303 748 1317 779 a
1335 727 1506 811 Guiiieimus
1528 729 1741 805 Neubrigensis,
1764 736 1815 810 qui

90 825 148 864 ens
165 807 292 880 publice
306 807 337 864 in
354 809 434 862 uaria
448 806 569 878 singuiis
589 808 691 864 diebus
718 805 877 865 Dominicis
905 805 936 862 in
967 823 969 828 ’
990 801 1114 858 Srerreri
1133 799 1312 882 synchronus
1327 799 1380 858 luit
1381 840 1436 858 .....
1455 817 1515 858 ιοιιι
1539 819 1655 861 omnem
1679 808 1813 877 breuiter,

91 881 202 937 choris
230 878 406 950 templorum
416 879 537 945 recitari,
558 879 722 951 fulmenque
745 876 936 935 anathematis
991 889 1050 957 non
1071 871 1164 946 qualis
1182 879 1264 999 'qesta
1285 875 1338 940 est,
1354 871 1404 928 sed
1419 871 1531 957 qualem
1546 875 1813 958 aharehiepiscopo

90 952 124 1008 in
141 965 220 1007 eum
234 949 352 1019 vibrari,
368 950 485 1008 curarit.
498 949 615 1018 Verum,
629 951 750 1018 Sserrir,
767 957 797 1006 ut
811 949 936 1020 primum
991 945 1093 1028 hurico.
1116 944 1300 1028 hostiasque
1322 943 1460 1002 Srerrerrs
1483 960 1546 1002 enm
1560 948 1669 1018 didicit,
1686 960 1812 1023 exponat,

92 1023 161 1079 haec
177 1031 263 1079 certa
278 1021 352 1078 ιιοιι
368 1023 512 1094 cognorit,
527 1023 558 1078 in
573 1024 661 1079 curiis
676 1039 752 1095 saepe
768 1037 802 1078 ac
816 1019 936 1078 entibus
990 1019 1025 1074 ad
1040 1023 1289 1098 inaugurationem
1306 1030 1393 1098 usque
1408 1015 1490 1086 liegis
1506 1020 1696 1078 narrationem
1712 1029 1812 1080 exten-

89 1095 234 1167 pnhiicis
250 1103 293 1150 est
308 1101 433 1151 testatus.
451 1095 594 1152 Dacorum
608 1094 694 1151 sebia
707 1101 869 1160 cornamento,
881 1107 936 1148 uon
990 1089 1070 1146 dens.
1087 1087 1190 1144 iisdem
1204 1087 1384 1158 temporibus,
1404 1095 1458 1144 ete.
1483 1090 1569 1157 cnjus
1592 1107 1650 1148 nen
1671 1094 1727 1150 aiio
1751 1096 1814 1152 sine

90 1166 247 1236 praeficis
271 1166 430 1232 interdicta,
459 1164 778 1234 namurcensium
814 1165 937 1222 iliricum
992 1159 1079 1216 verba
1102 1157 1315 1223 adduxerimus,
1360 1174 1424 1214 uem
1446 1167 1486 1232 ui,
1510 1160 1641 1218 instituta
1659 1163 1814 1224 intoreum

91 1237 262 1294 mendaciis
275 1252 305 1294 se
319 1251 405 1310 reque
419 1235 631 1293 deturbatur-am
642 1255 651 1306 ;
663 1236 736 1293 nibil
746 1236 842 1307 seejm
857 1250 936 1292 ecee·
991 1239 1160 1302 nostrosque
1173 1229 1302 1314 Annales
1311 1175 1472 1314 cubatione,
1486 1233 1589 1303 partim
1600 1234 1813 1308 rideretieetor,

90 1309 283 1364 mationibus
294 1311 320 1364 et
333 1306 501 1364 maledictis
513 1311 629 1380 moueri,
644 1325 716 1382 quat,
727 1309 789 1378 iam
803 1307 833 1364 in
847 1308 937 1381 ipsius
990 1318 1075 1376 quam
1091 1317 1192 1374 perum
1207 1303 1319 1358 caeteris
1335 1301 1401 1358 iudea
1415 1303 1450 1385 de
1465 1304 1549 1360 rebus
1563 1307 1669 1363 nostris
1683 1309 1811 1366 scribon·
1837 1339 1841 1348 ‚

91 1381 197 1438 acutos
229 1381 415 1446 reluctamine
436 1394 501 1435 eum
525 1381 693 1437 orbaveriui.
721 1380 779 1436 b'r'an
803 1380 936 1436 mimcc·
990 1375 1065 1431 tibus
1081 1373 1264 1430 tribuendum
1280 1373 1342 1456 ιιι]
1357 1381 1458 1444 partim
1476 1382 1503 1430 ut
1519 1375 1602 1432 istius
1618 1379 1715 1436 sreeuii
1730 1381 1813 1438 eleri-

90 1452 369 1507 communicationis
383 1449 414 1506 iu
429 1453 551 1508 mwr‘me
563 1451 754 1523 delinquentes
761 1458 842 1522 atque
851 1465 936 1508 enor-
989 1462 1087 1504 corum
1104 1446 1133 1501 in
1149 1460 1229 1517 reges
1245 1452 1271 1500 ei
1287 1445 1439 1528 pruncipee,
1456 1462 1525 1518 quea
1541 1449 1698 1506 mendaciis
1712 1453 1812 1510 ulcisci

92 1525 192 1580 mium
205 1523 360 1579 marinum
375 1537 437 1578 reas
450 1523 536 1580 oceri.
553 1523 586 1580 Se
600 1525 754 1596 legitimum
770 1538 863 1592 reqcm
884 1538 935 1578 ua·
989 1534 1023 1575 ne
1037 1517 1186 1574 diiiamare
1200 1531 1334 1588 perquam
1350 1517 1491 1574 iamtiiere
1506 1518 1574 1591 ipsis
1597 1529 1665 1591 erat,
1690 1524 1735 1580 vel
1760 1524 1814 1582 hoc

93 1602 174 1661 tum,
191 1593 348 1666 suffrcptis
362 1610 468 1666 quoque
480 1596 578 1666 populi
593 1611 710 1664 requam
729 1593 851 1650 obtinere
880 1594 935 1649 im·
951 1613 977 1678 B
992 1590 1123 1662 exemplo
1137 1589 1243 1646 elarius
1256 1593 1457 1646 innotesceret.
1473 1609 1488 1640 u

93 1669 213 1722 mensis
240 1665 272 1720 iat
299 1665 408 1737 quidem
435 1667 567 1724 maheriis
595 1665 786 1738 laboribusque
812 1669 934 1737 portum,
1028 1660 1612 1744 iiueusqueThormunndusToriaeus,qui
1629 1663 1723 1722 locum
1734 1665 1814 1722 Gaii·

94 1741 227 1810 ideoque
242 1736 414 1793 leviculistle
426 1737 516 1794 causis
529 1740 645 1794 minime
658 1737 936 1794 deserendumiule·
992 1731 1071 1790 lelmi
1094 1732 1298 1802 Neubrigensis
1321 1739 1463 1804 integrum
1488 1733 1583 1803 reiert,
1610 1737 1681 1792 ilict.
1693 1739 1811 1808 Norueq.

93 1827 183 1880 prum
196 1810 441 1880 Eirrcoluturum,
452 1808 561 1865 etiamsi
570 1811 713 1879 accurrit,
730 1809 766 1866 cd
781 1809 939 1866 cathedram
992 1814 1063 1876 part.
1078 1820 1120 1873 ιιι,
1136 1803 1184 1860 lib.
1203 1821 1212 1858 1
1227 1819 1289 1875 erp.
1307 1804 1352 1875 10,
1376 1819 1439 1876 pag.
1463 1805 1508 1859 22.
1533 1805 1617 1866 liunc
1639 1807 1735 1866 lecum
1761 1825 1814 1866 nos

94 1897 185 1936 suam
203 1878 338 1946 reditum,
353 1881 378 1934 ai
392 1886 486 1936 tumen
499 1881 615 1952 posthac
626 1881 864 1953 lepesreuereuter
890 1880 938 1937 ob·
991 1878 1123 1934 consulto
1144 1877 1395 1958 pretermittimus,
1415 1877 1517 1948 purtim
1535 1887 1629 1950 utpote
1643 1879 1812 1951 longiorem,

95 1956 212 2020 ιιιοσις
230 1967 261 2006 se
273 1967 337 2008 uero
352 1951 382 2007 in
396 1951 456 2021 eius
470 1955 602 2023 pretium,
615 1954 641 2010 si
655 1953 696 2010 uel
709 1955 833 2010 macirm
847 1953 937 2008 embo-
991 1953 1020 2004 et
1033 1964 1089 2018 qno
1101 1960 1168 2004 neta
1181 1955 1277 2003 nostra
1292 1947 1322 2002 in
1337 1948 1459 2004 numium
1475 1959 1649 2007 excresceret
1665 1955 1767 2024 partim
1786 1961 1815 2010 ut

100 2027 152 2080 bus
169 2022 271 2080 adbuc
284 2021 487 2095 oculisa'nteper
500 2029 580 2097 esset,
604 2025 670 2082 dum
688 2033 777 2082 ments
799 2026 938 2096 caecutiat,
992 2021 1162 2090 cuicumque
1185 2018 1311 2086 obvium,
1336 2020 1437 2091 partim
1458 2020 1574 2077 demum
1595 2023 1659 2093 qnia
1675 2039 1763 2098 pauca
1779 2025 1814 2081 ad

99 2097 168 2153 illas
184 2093 310 2152 minime
324 2095 507 2152 uiolatorum.
992 2107 1038 2148 ree
1055 2089 1202 2162 Norvegiae
1216 2090 1478 2158 ecclesiasticisis
1492 2092 1595 2163 quihus
1610 2094 1657 2152 hie
1672 2097 1814 2168 praecipue

137 2189 152 2217 ι
172 2167 286 2238 Elapso
300 2166 371 2224 iesto
385 2165 600 2239 Paschatisian.
611 2166 702 2240 1191),
710 2167 744 2224 ed
764 2181 939 2239 persequer·
991 2164 1092 2234 agitur,
1109 2161 1281 2234 pertinentia
1291 2163 1428 2220 eontinet.
1440 2163 1509 2221 Gnrn
1521 2165 1598 2220 enim
1611 2169 1758 2224 caeteraad
1769 2184 1814 2225 res

99 2240 172 2294 durn
189 2237 359 2309 Sigerdum,
372 2238 596 2308 cernitisiilinm,
605 2239 793 2311 reliquiasque
806 2238 940 2295 iectionis
993 2234 1132 2293 bellicasa
1142 2237 1274 2293 Saerrere
1287 2237 1380 2305 gestus
1394 2239 1534 2305 spectent,
1546 2236 1607 2293 haee
1617 2241 1815 2298 tantummodo

100 2309 500 2380 dissipandasproiectus,ad
516 2309 624 2368 limites
638 2325 729 2383 usquc
754 2311 833 2378 regni
857 2311 940 2382 iicng
993 2308 1028 2364 de
1048 2305 1248 2364 controuersiis
1261 2321 1327 2363 eum
1342 2305 1494 2364 antistibus
1508 2307 1691 2366 reiernntur:
1710 2333 1725 2360 ι
1740 2311 1814 2368 Sub·

104 2381 219 2438 heliam
235 2381 375 2451 pervenit.
393 2381 433 2438 lto
449 2388 516 2438 tunc
530 2387 690 2453 opportune
709 2382 856 2454 pontilicis
883 2382 938 2438 ile-
993 2378 1048 2434 lato
1063 2394 1127 2449 rege
1141 2377 1289 2450 (legitimo,
1306 2377 1430 2451 llagno),
1446 2379 1624 2437 inditionem
1637 2384 1814 2454 tyrannicum

104 2451 187 2509 mani
197 2452 500 2525 legatnscamingcnti
515 2455 650 2510 comitatu
664 2461 817 2511 accesserat
831 2471 840 2522 ;
853 2467 937 2524 quem
993 2465 1111 2519 regnum
1131 2450 1326 2507 tremeiactum
1341 2451 1493 2508 concessit.
1507 2451 1610 2510 Sverus
1624 2461 1717 2510 autem
1732 2471 1813 2512 sacro

7 2549 9 2592 t
106 2542 155 2581 rex
174 2525 339 2580 humaniter
355 2523 647 2596 inritatumperquam
657 2525 937 2597 magnificeexccpit,
992 2522 1093 2580 ordine
1107 2521 1246 2590 abjurato,
1260 2524 1378 2592 accepta
1392 2523 1422 2578 in
1437 2522 1590 2594 conjugem
1604 2524 1661 2580 iiiia
1673 2542 1703 2582 re
1726 2527 1749 2582 is
1759 2528 1817 2582 Go-

106 2605 143 2668 et‚
159 2595 392 2652 consecrationis
405 2596 597 2654 ministerium
611 2597 666 2654 sihi
677 2603 707 2652 ut
722 2596 877 2666 exhiheret,
889 2611 939 2654 eo·
992 2593 1156 2659 thorum,ab
1166 2592 1381 2665 archiepiscopo
1392 2593 1703 2669 (ilidrosiensimempse
1733 2598 1814 2668 irino)

107 2681 271 2738 nonamque
284 2667 454 2738 imponeret,
470 2669 570 2736 oravit,
587 2670 661 2740 quod
677 2668 851 2740 illequidem
864 2667 937 2724 hand
993 2673 1072 2721 terrea
1098 2662 1177 2721 iilius
1200 2667 1331 2722 coronari
1353 2665 1451 2722 voluit.
1466 2664 1572 2723 Verum
1587 2667 1646 2739 iiie,
1662 2684 1725 2727 cunr
1743 2676 1817 2726 esset

106 2739 523 2809 omninoahauit.er,oum‚id
530 2740 715 2798 aeclesiastici
722 2747 936 2812 cognoscerent,
991 2737 1034 2792 ιιι
1046 2751 1176 2805 magnus,
1194 2743 1221 2792 et
1236 2751 1328 2807 neque
1342 2736 1476 2808 precihus
1489 2753 1582 2809 neque
1596 2740 1739 2798 minarum
1761 2749 1817 2797 tor·

7 2845 8 2850 ι
108 2813 205 2882 iegato
228 2809 272 2866 iiii
300 2809 526 2880 insusurrabant,
553 2811 802 2896 archiepiscopum
830 2829 847 2868 a
873 2825 939 2882 rega
993 2809 1103 2865 roribus
1118 2809 1287 2873 ilecteretnr,
1302 2813 1432 2879 nteaput
1455 2809 1629 2868 exsecrabile
1654 2827 1734 2869 sacre
1758 2828 1815 2869 un·

106 2882 263 2946 violatum.
279 2889 307 2937 et
322 2883 388 2939 sede
402 2899 454 2940 sua
469 2883 619 2956 expulsum
634 2899 715 2942 esee:
731 2897 827 2953 speum
843 2897 937 2954 regem
993 2880 1087 2938 ctione
1108 2879 1302 2951 perianderet‚
1324 2879 1359 2936 ab
1372 2881 1472 2939 eodem
1487 2881 1577 2951 patrie
1590 2884 1688 2953 pulsus
1703 2887 1746 2940 est
1749 2925 1815 2939 ......

109 2970 139 3010 se
153 2954 288 3010 muneris
304 2954 451 3022 pastoralis
465 2955 638 3012 desertorem
659 2962 755 3027 aperte
775 2953 938 3012 contessum
994 2951 1050 3007 Sed
1067 2951 1145 3022 uirga
1159 2950 1209 3007 ilia
1224 2951 1327 3007 luroris
1339 2952 1462 3021 Domini,
1474 2954 1620 3025 profligato
1630 2959 1658 3010 et
1668 2955 1816 3013 eliminato

109 3041 216 3082 noram
235 3024 317 3081 nxori
331 3025 463 3098 legitime
480 3027 632 3099 coniugem
647 3027 802 3095 iudnxisse,
824 3026 939 3098 jamque
952 2987 979 3055 G
991 3023 1051 3080 iere
1064 3024 1143 3080 omni
1158 3022 1268 3079 semine
1280 3026 1357 3094 regio
1370 3032 1454 3151 atque
1475 3025 1553 3080 omni
1579 3026 1658 3084 hesta
1681 3027 1817 3099 indigena

111 3105 266 3168 utramque
279 3097 400 3154 duarum
417 3097 572 3155 virentium
588 3099 721 3156 maritum
738 3113 825 3169 penes
839 3113 869 3155 ee
883 3098 937 3155 ha·
991 3109 1114 3167 magnus
1127 3101 1155 3152 et
1169 3094 1337 3150 tremendus
1351 3102 1397 3151 tan
1419 3109 1464 3152 ern
1476 3111 1526 3166 per
1537 3112 1653 3153 manum
1665 3099 1816 3171 cujusdam

108 3169 175 3226 here
192 3187 200 3236 ;
218 3167 385 3239 preteraiin
397 3168 510 3241 probra,
523 3169 626 3241 quibus
636 3170 938 3243 iniamcmeumntque
992 3167 1128 3237 episcopi,
1143 3167 1179 3222 nd
1195 3166 1248 3223 hoe
1262 3166 1402 3223 intentata
1417 3169 1618 3235 mortennani,
1630 3173 1738 3239 regium
1749 3185 1815 3227 cum

110 3239 633 3310 inrisumstudebanireddere,adeo
662 3250 701 3310 ut,
731 3257 796 3298 cum
826 3257 874 3298 rex
903 3244 938 3299 de
991 3239 1111 3308 mystica
1133 3237 1268 3294 unctione
1291 3237 1422 3295 diadema
1443 3239 1815 3312 sortitusest,subincerte

110 3312 331 3383 inauguratione
355 3327 407 3368 aua
425 3311 550 3382 legatum
571 3327 668 3370 rursus
682 3313 875 3384 competierat,
888 3313 938 3370 iiie
991 3310 1040 3367 din
1057 3309 1249 3382 prosperantis
1261 3309 1421 3378 tyrannidis
1436 3311 1511 3367 cxita
1528 3327 1563 3368 ex
1577 3312 1684 3370 crebris
1698 3329 1814 3371 sncces-

111 3383 170 3454 regi
186 3398 251 3440 eam
262 3382 674 3455 pinnedenegareritmonans
685 3384 937 3457 ntnrehiepiscopo
991 3381 1070 3438 sibus
1093 3380 1174 3452 quasi
1198 3396 1325 3438 securus.
1340 3379 1451 3439 Titulus
1463 3386 1559 3440 autem
1575 3385 1662 3456 sigilii
1677 3386 1738 3456 ejus
1751 3387 1817 3442 talis

112 3452 357 3520 reconciliaretur,
373 3456 455 3527 eujus
469 3453 557 3514 amari
571 3461 645 3514 esset
668 3473 733 3514 cum
758 3471 935 3514 consecrare.
991 3453 1078 3510 inisse
1089 3453 1194 3509 dicitnr
1210 3468 1217 3508 ι

115 3527 186 3592 ιιοιι,
213 3527 257 3581 ira
278 3534 446 3596 commotus,
464 3527 530 3583 talia
545 3528 600 3597 ipsi
615 3529 644 3585 in
660 3544 691 3585 os
705 3527 793 3584 iertur
807 3527 912 3586 dixisse
929 3547 935 3585 :

117 3599 199 3654 tideo
214 3596 294 3662 satis,
311 3614 364 3671 que
385 3601 524 3671 proposito
550 3599 602 3656 bue
625 3602 741 3669 seueris,
763 3615 859 3672 nempe
884 3615 937 3672 quo

113 3671 196 3725 multi
208 3667 264 3725 alii
277 3669 445 3739 impostores,
466 3671 520 3727 buc
539 3672 578 3727 ad
600 3671 786 3730 corrodendas
806 3673 937 3744 pecunias
1353 3663 1447 3704 ΑΜ·

113 3755 268 3798 commeare
292 3739 382 3806 soliti.
398 3741 456 3812 qui,
471 3745 612 3816 postquam
627 3746 765 3810 abierunt,
783 3759 898 3815 requam
911 3751 937 3800 et
1026 3738 1212 3796 Clementiam
1227 3737 1332 3809 quippe
1346 3737 1376 3794 in
1391 3736 1520 3794 subditos
1535 3739 1711 3808 ostendebat,
1728 3745 1756 3797 el
1770 3755 1814 3798 ec·

112 3822 221 3898 qentcm
233 3821 361 3896 nostram
375 3813 498 3870 ludibrio
512 3819 544 3900 ct·
560 3815 712 3898 deridimlo
736 3814 847 3900 qubeut.
873 3817 937 3898 ,l'cio
991 3811 1086 3869 elesiis
1113 3811 1172 3867 sire
1200 3809 1378 3892 monasteriis
1401 3811 1589 3868 reverentiam
1609 3811 1771 3869 exhibebat.
1798 3835 1811 3863 a

113 3885 938 4031 inmutilata..t-itttttttttttttttt..bct
991 3881 1814 4024 tustra,-.lu.tts·.it.tntuta...1...

114 4029 195 4086 Tunc
219 4026 341 4098 legatus,
361 4043 420 4084 non
435 4029 559 4100 emplius
574 4039 708 4098 meruius,
724 4030 863 4087 discessit.
880 4031 937 4086 Rex
990 4027 1061 4083 aiter
1088 4026 1218 4096 insignis,
1243 4041 1328 4096 quom
1349 4042 1367 4080 a
1391 4025 1502 4082 'l'orieeo
1515 4033 1564 4082 aut
1578 4026 1750 4098 ignoratum,
1764 4036 1814 4084 ant

114 4109 208 4156 autem
223 4099 259 4155 ed
271 4099 468 4172 aquilonarem
484 4101 581 4159 Villam
599 4103 753 4173 proiectus,
769 4103 935 4176 episcopum
990 4098 1043 4155 sub
1066 4097 1179 4154 silentio
1200 4097 1422 4168 pretermissum
1447 4098 1595 4165 miramur,
1620 4099 1742 4170 ideoque
1768 4100 1814 4156 hie

114 4171 263 4228 Nicolaum
287 4186 321 4228 eo
343 4172 378 4228 ad
402 4188 432 4228 se
455 4174 591 4241 evocavit,
614 4177 791 4245 graviterque
812 4189 878 4231 cum
903 4190 936 4231 eo
990 4171 1171 4228 reiercndum
1186 4184 1248 4226 esse
1262 4183 1422 4227 censemus.
1439 4168 1633 4243 Sieiiletiiog.
1648 4188 1681 4226 oa
1705 4171 1811 4228 lieven.

116 4241 851 4318 expostulavit,quoddoliinsidiarnmqueomnium,
868 4260 937 4317 quas
990 4243 1024 4298 ad
1040 4259 1088 4298 au.
1105 4241 1186 4307 itti,
1201 4241 1268 4297 ellit.
1291 4239 1399 4308 Sarilii,
1425 4238 1447 4294 1ο
1471 4241 1544 4312 tes).
1569 4263 1583 4292 ιι
1608 4241 1713 4298 Eodem
1735 4259 1812 4300 aurio

116 4313 226 4370 iiailixel
242 4329 307 4370 enm
322 4313 409 4372 sociis
436 4324 585 4388 struxerat,
615 4317 638 4373 is
666 4326 764 4374 auctor
785 4318 883 4374 luisset
911 4324 938 4374 et
990 4315 1091 4384 (1191),
1117 4315 1232 4379 Scarus,
1254 4312 1387 4383 princeps
1405 4312 1553 4381 Nerweiae,
1568 4321 1666 4370 contra
1682 4313 1812 4385 prohibi-

116 4385 308 4454 architectus;
323 4385 351 4442 id
367 4386 443 4443 enim
459 4385 513 4445 sibi
525 4390 609 4444 certis
623 4388 793 4446 testimoniis
808 4389 937 4460 explore-
953 4366 1098 4443 Drionem
1122 4384 1231 4442 domini
1255 4400 1333 4455 papae
1358 4384 1423 4439 iecit
1446 4399 1476 4440 se
1498 4384 1628 4441 coronari
1652 4384 1682 4441 in
1716 4401 1811 4456 regem

118 4467 184 4514 tum.
215 4458 356 4528 Episcopo
384 4459 492 4516 crimen
524 4468 654 4526 nrannie,
677 4461 937 4518 rexrerisseeum
991 4457 1127 4516 Norveise.
1147 4455 1333 4524 Quoaudito,
1356 4455 1522 4510 Eusthntius
1546 4456 1613 4528 (leq.
1640 4459 1811 4530 Eysteinus),

119 4529 300 4585 documentis
314 4530 509 4587 convicturum
531 4531 664 4601 aibrmut,
688 4533 869 4603 minaturque
890 4549 937 4588 as·
990 4529 1221 4600 archiepiscopus
1244 4528 1279 4583 de
1302 4527 1415 4593 iiidros,
1439 4526 1541 4583 maluit
1563 4527 1702 4600 exsulare,
1727 4543 1812 4600 qurum

117 4618 190 4672 pern,
201 4599 376 4672 perduellem
396 4603 625 4676 proditoremque
641 4603 797 4676 appellens.
816 4605 858 4659 ad
873 4604 932 4661 ele·
989 4601 1068 4658 iliius
1083 4602 1222 4658 interesse
1235 4598 1523 4666 coronationi.tibiit;
1540 4607 1566 4654 et
1577 4601 1729 4669 praedictae
1746 4601 1811 4657 Ste-

119 4673 252 4729 mentiam
278 4673 372 4740 itaque
394 4673 469 4746 regis
492 4677 664 4732 exerendam
689 4676 841 4748 episcopus
866 4691 936 4732 con·
990 4669 1812 4744 rus,biiussiwardiquondemregisNoruvcire,pracepit

117 4759 221 4812 rursus,
238 4759 309 4801 nom
326 4743 382 4801 fide
395 4761 425 4802 se
440 4746 565 4804 admissa
587 4755 780 4805 correcturum
805 4748 936 4818 spondet,
991 4749 1025 4800 ut
1038 4759 1138 4802 omnes
1152 4743 1277 4814 episcopi
1292 4741 1429 4799 Namara
1443 4742 1644 4800 convenissent
1657 4745 1732 4816 apud
1747 4749 1811 4802 iser·

117 4831 235 4887 eamque
262 4823 440 4873 sacramento
469 4817 678 4890 obligaturum
708 4835 738 4876 se
762 4820 879 4890 posthae
901 4820 935 4875 nd
989 4833 1038 4886 ges
1064 4817 1094 4873 in
1106 4817 1178 4872 lesio
1192 4813 1387 4886 apostolorum
1402 4813 1476 4870 Petri
1489 4823 1515 4871 et
1528 4813 1607 4871 Pauli
1619 4817 1653 4872 ad
1668 4831 1810 4874 coronen-

117 4889 219 4960 qnaevis
232 4895 311 4958 grate
326 4889 383 4960 regi
406 4891 566 4959 praestanda
589 4892 800 4963 paratissimum
825 4907 937 4962 semper
990 4889 1057 4946 dnm
1073 4903 1149 4946 erm.
1165 4888 1230 4943 lirat
1244 4895 1338 4942 antem
1354 4887 1428 4942 inter
1451 4900 1499 4942 eos
1520 4887 1635 4957 quidam
1659 4888 1810 4958 episeopus

118 4961 240 5016 futurum
253 4983 260 5026 ;
275 4959 371 5030 itaque
386 4976 443 5016 non
459 4959 612 5020 diiiiculter
627 4963 740 5020 renium
761 4963 933 5034 impetravit·
988 4961 1023 5018 do
1036 4959 1111 5027 wic,
1127 4959 1175 5031 qni
1191 4957 1344 5016 recabatur
1362 4956 1505 5016 Nicotaus.
1529 4959 1583 5016 iiie
1605 4959 1717 5015 dicebat
1736 4960 1812 5030 quod

7 5095 8 5106 ,
118 5033 182 5099 ilex,
206 5045 273 5088 cum
302 5035 405 5103 Bergas
432 5033 552 5101 ducens,
577 5050 610 5092 co
634 5050 746 5106 quoque
769 5035 934 5106 Thorerem,
988 5033 1049 5104 ipse
1072 5033 1208 5088 interesse
1230 5029 1320 5087 noluit
1342 5029 1422 5086 iliius
1445 5031 1810 5101 coronationipmptcrah·

7 5137 8 5150 ι
117 5107 267 5160 dioeaoseos
295 5103 464 5176 Stalangria
492 5107 658 5176 antistitem,
688 5114 797 5164 evocat.
828 5105 933 5162 liorem
988 5101 1595 5173 sentiamarchiepiscopisui.Quoaudito,
1620 5105 1720 5158 Sverus
1743 5103 1810 5159 iecit

1057 3577 1157 3618 eventis
1175 3575 1229 3614 ittix
1249 3573 1369 3627 MAGNUS,
1388 3575 1472 3614 nunus
1490 3576 1524 3616 tit
1543 3576 1603 3630 Leo,
1624 3578 1701 3618 ttiTis
1720 3579 1753 3618 ti·

7 5219 8 5222 ,
118 5181 364 5233 eontentnaetum
410 5175 482 5232 rimo
506 5179 540 5234 de
565 5177 705 5235 electione
728 5179 853 5250 episcopi
865 5179 933 5235 Ber·
987 5177 1153 5250 episcopum
1177 5174 1259 5231 ilium
1284 5173 1502 5244 comprehendi,
1526 5178 1553 5231 et
1577 5175 1607 5230 in
1628 5174 1700 5230 mari
1724 5189 1809 5246 supra

118 5247 208 5319 geneis
224 5247 254 5303 in
269 5246 364 5304 laeum
401 5247 469 5316 auli,
487 5264 589 5322 nuper,
604 5257 634 5305 ui
649 5265 733 5322 snpra
748 5249 868 5316 dictum,
884 5251 934 5308 de·
987 5247 1175 5307 monticulum
1192 5245 1284 5316 ligari,
1300 5245 1339 5301 ita
1353 5245 1426 5316 quod
1443 5245 1518 5301 unda
1532 5246 1618 5302 maris
1637 5249 1728 5301 fluens
1751 5245 1809 5305 iere

118 5318 225 5386 mortni,
248 5317 413 5390 eiectusque
436 5317 586 5393 Martinus,
606 5337 709 5392 genere
724 5323 841 5394 lugius,
859 5324 934 5395 regis
987 5319 1101 5377 intrarit
1115 5319 1145 5374 in
1159 5334 1192 5375 os
1207 5319 1280 5388 ejus.
1298 5319 1330 5372 Et
1344 5319 1386 5374 sie
1400 5315 1553 5388 episcopus
1568 5316 1617 5374 iiie
1629 5317 1806 5387 perterritus,

118 5390 250 5448 enarraris
274 5391 522 5462 contessionarius,
541 5393 584 5449 vir
599 5394 726 5449 cruditus
741 5395 799 5467 qui,
814 5410 846 5450 cx
863 5409 932 5451 eon·
985 5406 1136 5450 assensum
1154 5389 1271 5462 praebuit
1287 5389 1424 5446 uoluntati
1438 5389 1514 5444 Sveri
1533 5387 1745 5457 circiensium
1763 5408 1807 5447 eu·

117 5465 173 5522 sitio
188 5462 324 5534 ragis,ab
349 5462 392 5520 bis
417 5479 487 5533 ques
509 5466 593 5524 mode
617 5467 848 5534 memoravimus,
872 5466 932 5537 epi·
986 5463 1096 5522 sonarit
1110 5477 1186 5533 eum,
1200 5466 1229 5519 et
1243 5463 1272 5519 in
1288 5477 1382 5533 regem
1398 5459 1575 5517 consecrauit
1594 5464 1668 5533 apud
1693 5467 1806 5533 Berges,

118 5535 305 5608 scopisstatim
315 5543 497 5602 consecratus
506 5538 680 5609 cellamque
689 5538 931 5610 episeopusitne
985 5536 1015 5594 in
1040 5536 1110 5592 iesto
1133 5535 1325 5606 apostolorum
1342 5531 1417 5588 Petri
1431 5538 1459 5587 et
1474 5531 1563 5604 Pauli,
1578 5534 1764 5606 praesentibus
1779 5543 1806 5591 et

116 5609 180 5674 iaus,
196 5607 319 5678 primum
331 5606 427 5666 iocum
438 5608 535 5678 gratie
545 5609 630 5684 regia
640 5610 932 5682 essecutus,emnibns
986 5605 1231 5666 consentientibus
1244 5605 1364 5662 Martino
1379 5605 1413 5660 de
1430 5608 1539 5676 berges,
1553 5613 1581 5664 et
1594 5607 1686 5664 birico
1696 5607 1805 5664 deste-

119 5681 184 5753 regis
198 5677 328 5738 consiliis
341 5678 549 5753 adhibebatnn
565 5688 591 5740 et
605 5679 733 5756 placebat
753 5689 811 5740 ium
835 5681 931 5740 omni·
984 5694 1099 5753 sangro,
1116 5685 1144 5736 et
1157 5675 1250 5736 There
1263 5678 1298 5734 de
1309 5676 1470 5750 Burgunde,
1482 5681 1509 5735 et
1520 5677 1641 5738 ibsateu
1651 5678 1803 5751 episcopis.
