3918 6014
155 105 199 144 (le

819 81 1020 140 INNOCENTII
1036 82 1074 136 ttt
1089 81 1191 137 PAPAE

1807 95 1871 135 cxli

191 211 318 281 lipsteini
334 210 385 282 [cl.
401 204 573 280 tugustloil.
588 208 707 264 secundi
732 207 870 264 Nidrostae
883 199 980 264 archi·
995 205 1024 280 Α
1038 221 1160 276 semper,
1176 214 1208 260 ut
1222 205 1329 260 dietum
1343 211 1395 270 est,
1413 202 1491 274 leges
1505 204 1536 262 S.
1555 202 1635 270 θἰι,
1652 212 1700 258 ιιι
1713 203 1875 262 ιιιιιιιιιιι

156 285 295 354 ιριιιορι,
318 290 438 338 mortem
453 282 489 336 ad
504 280 579 336 diem
594 279 629 336 26
643 279 773 335 ianuarii
789 287 867 335 notat
881 280 980 335 Necro-

156 357 261 428 toqium
283 352 590 424 islanda-Ncmreqicum
612 361 698 416 uetus,
723 351 797 420 apud
822 349 980 422 langebek,

156 425 445 498 scripseramne.
463 432 531 480 tom.
549 423 584 489 ιι,
597 439 661 493 pag.
680 422 875 492 nutujnedem
894 423 983 478 Vitam

159 498 275 567 scripsit
289 497 325 553 cl.
338 495 549 565 Schoeniugius,
565 494 594 548 in
611 493 820 561 Fcrbedrlnqer,
841 510 904 564 pan.
932 494 984 548 tto

159 581 187 628 et
207 583 265 640 sqq.
291 567 400 624 Obiisse
423 582 470 621 au.
485 565 554 620 1188
569 571 710 621 testantur
723 566 845 621 lanata
860 569 924 636 lteq.
941 570 984 620 ls-

160 642 237 698 lcnd.
252 640 367 695 membr.
384 640 488 693 Auctor
503 637 573 693 ιιιιι.
593 636 753 706 8ιιιιιιιιρ.,
778 636 827 692 ιιι.
853 653 895 703 ιιι,
920 651 983 706 cap.

161 715 189 780 6,
212 712 308 767 statuit
331 725 396 766 eum
418 708 465 764 die
480 708 514 763 30
528 709 657 764 ianuarii
673 716 815 763 mortuum
831 723 893 764 esse
909 725 917 765 ι
934 708 983 763 ιιι

162 783 347 849 loheunaeus,
372 781 439 836 unt.
469 779 569 835 Ecetra.
598 787 671 836 tom.
703 778 724 845 l,
749 795 811 848 pag.
835 780 899 848 225,
923 781 984 848 ejus

163 854 272 910 obitum
294 853 329 908 ad
350 852 425 907 diem
439 850 475 906 26
489 850 647 907 decembris
662 851 787 920 eiusdem
803 852 873 906 anni
889 851 982 907 refert.

199 925 266 988 Sed,
282 924 318 980 de
333 923 387 980 hoc
402 923 532 994 presule,
548 923 634 989 sarts;
659 922 693 976 ad
719 921 820 976 Torlei
845 923 983 977 narratio·

1038 280 1177 347 codicem,
1204 276 1251 348 qui
1276 275 1382 344 Graqus
1408 274 1586 344 inscribitur,
1611 291 1628 329 a
1649 278 1750 344 ttagrro
1775 275 1877 342 bono,

1038 351 1098 420 ejus
1114 348 1183 408 blio.
1199 348 1393 418 couscriptum
1410 356 1437 402 et
1459 347 1682 418 promulgatum,
1710 343 1873 415 altoponte,

1038 421 1238 477 sesecundum
1262 419 1323 487 ejus
1347 419 1510 488 praeseripta
1525 433 1640 474 eausam
1656 418 1747 474 decidi
1766 427 1876 489 postu-

1040 493 1137 560 lante;
1153 491 1202 547 sed
1219 490 1449 560 archiepiscopus
1465 490 1498 544 ed
1525 489 1651 546 codicem
1676 487 1765 546 alium
1787 489 1873 544 Gall-

1037 563 1108 636 qledr·
1134 563 1317 632 appeliatum,
1343 576 1428 632 quem
1451 561 1602 632 scripserat
1631 560 1874 632 archiepiscopus

1039 634 1199 704 hysteinus,
1224 641 1253 687 ut
1279 642 1305 688 ot
1317 633 1365 703 jus
1380 634 1552 688 canonicum
1569 633 1739 700 itomanam,
1757 635 1871 714 partim

1037 719 1150 778 quoque
1165 708 1199 760 ad
1215 704 1323 760 litteras
1338 703 1393 760 sibi
1408 721 1424 758 a
1439 703 1573 774 pontiliee
1588 703 1699 770 missas,
1710 703 1873 776 sigilloque

1042 781 1103 847 ejus
1118 777 1245 832 firmatas
1260 775 1438 846 provocabat.
1456 776 1660 831 interemtores
1676 775 1739 831 lites
1749 778 1784 832 ιι
1797 776 1872 845 jure

1038 857 1207 920 patronatus
1221 849 1251 904 iu
1267 847 1408 904 Ecclesiae
1422 847 1595 916 disputatum
1611 863 1618 902 :
1634 861 1699 902 uam
1715 847 1872 915 calepinus

1037 919 1162 990 antiquis
1186 927 1213 974 ιι
1229 920 1312 988 longo
1328 919 1463 990 temporis
1477 933 1530 973 usu
1547 917 1718 984 obtinuerat,
1735 925 1764 973 ut
1779 917 1873 974 laicis

163 1011 230 1053 nem
246 996 402 1051 redeamus.
415 1016 429 1044 ιι
446 999 554 1049 Mortuo
569 994 708 1064 (tisteiao)
720 1001 937 1048 monumentum
953 993 984 1048 iu
1034 992 1085 1063 jus
1100 998 1176 1048 esset
1189 990 1338 1056 laudandi,
1356 989 1535 1060 propriisque
1547 988 1871 1060 sumptibusaeditican·

163 1067 287 1124 sacrario
301 1067 370 1122 aedis
383 1065 487 1120 Christi
504 1072 689 1129 exstructum,
713 1064 775 1133 ipso
799 1078 863 1132 rege
884 1063 915 1120 iu
939 1063 984 1119 lu·

163 1154 231 1195 uere
254 1139 314 1208 ejus
337 1136 421 1192 uerba
440 1137 472 1193 in
487 1135 574 1192 choro
590 1134 687 1206 templi
703 1135 844 1202 iaciente,-
860 1134 919 1202 ubi,
937 1151 985 1190 ex-

163 1211 255 1280 posito
279 1207 446 1276 nouissimo,
471 1208 545 1278 quod
563 1206 728 1275 habuerant,
745 1205 898 1277 colloquio,
914 1221 984 1264 euu-

162 1285 268 1338 tessum
284 1279 529 1349 archiepiscopum
545 1276 706 1344 ιιιιιιιιιιιι,
733 1277 821 1333 multa
833 1293 864 1334 se
888 1279 918 1333 in
939 1293 984 1334 re·

163 1367 228 1423 gem
251 1349 414 1421 deliquisse,
440 1361 466 1406 et
481 1351 597 1421 quidem
612 1357 711 1407 contra
726 1364 852 1405 canones
866 1356 986 1405 statuta·

164 1439 218 1494 quc
232 1423 436 1489 ecclesiastica,
451 1436 550 1476 verum
565 1421 652 1478 luisse
665 1430 760 1476 tamen
775 1421 846 1476 aleas
861 1422 985 1476 rationes

165 1493 269 1565 quibus
284 1494 425 1564 integrum
442 1492 496 1548 sibi
511 1509 568 1548 noa
581 1492 785 1548 existimaverit
798 1492 929 1563 Magnum
941 1493 986 1547 de-

1038 1063 1079 1132 di,
1093 1063 1177 1118 modo
1190 1060 1307 1129 uellent,
1319 1061 1425 1133 templa
1437 1062 1467 1117 ia
1481 1061 1556 1130 agris
1571 1063 1641 1126 suis,
1652 1076 1715 1130 quae
1725 1061 1873 1132 deinceps

1038 1134 1093 1206 ipsi
1105 1133 1168 1204 jure
1184 1140 1348 1204 patronatus
1361 1137 1517 1199 tuerentur,
1531 1133 1701 1204 idoneisque
1724 1133 1874 1189 ministris

1039 1207 1224 1262 instruerent.
1250 1205 1302 1260 Sed
1327 1203 1558 1274 archiepiscopus
1582 1203 1613 1259 in
1637 1203 1765 1274 singutas
1788 1207 1874 1260 aedes

1039 1282 1231 1346 consecratas,
1247 1276 1295 1331 uhi
1312 1276 1428 1346 quidem
1444 1291 1523 1330 sacra
1542 1275 1680 1344 permissu
1705 1276 1767 1346 ojus
1789 1277 1872 1333 cele·

1040 1348 1206 1414 brabentur,
1231 1348 1306 1402 idem
1330 1347 1376 1415 jus
1400 1347 1454 1402 sibi
1469 1347 1626 1416 arrogabat.
1644 1345 1764 1403 &usam
1779 1347 1874 1413 initur

1040 1435 1089 1475 ιιι
1105 1419 1136 1475 in
1157 1417 1296 1488 judicium
1312 1419 1454 1474 deducere
1468 1418 1568 1488 voluit,
1584 1427 1720 1474 renuente
1735 1426 1760 1474 ct
1775 1420 1871 1476 decli·

1041 1497 1129 1546 nantc
1150 1489 1376 1560 archiepiscopo.
1401 1494 1440 1544 ιιι
1465 1489 1563 1546 ιοιιιι
1585 1491 1682 1561 itaque
1707 1489 1798 1561 legum
1815 1506 1873 1545 rex

166 1581 272 1622 serere.
292 1564 355 1635 ipsc
372 1564 418 1621 bic
432 1563 545 1628 deiude,
561 1567 688 1627 ttacoue,
704 1563 846 1618 Sverreris
869 1570 983 1634 nepote,
1000 1561 1158 1645 Binlloro
1182 1560 1303 1643 publico,
1321 1561 1439 1617 recitare
1462 1561 1580 1628 curarit,
1605 1567 1711 1644 quante
1727 1561 1871 1618 comitatu

166 1643 313 1708 rennamo,
335 1651 412 1692 enno
436 1636 572 1690 nimirum
588 1635 668 1700 ι229,
683 1634 748 1690 utho
763 1643 926 1690 sauctorum
940 1635 984 1690 iu·
1043 1647 1176 1704 episeopo
1190 1633 1335 1688 diaecesim
1357 1647 1436 1688 suam
1453 1632 1572 1688 lustrare
1596 1632 1703 1700 luceret,
1726 1635 1871 1689 nimirum

169 1709 292 1778 scriptus
321 1715 410 1762 eet...
441 1706 510 1762 Vere
538 1722 622 1776 novo,
650 1706 757 1762 suerrir
787 1707 896 1772 innanti
924 1721 990 1762 cum

168 1779 293 1836 exercitu
310 1779 413 1850 Bargus
427 1793 571 1846 regressus
585 1787 637 1847 est,
653 1777 692 1833 ibi
707 1779 736 1832 in
754 1776 881 1832 adultam
905 1780 989 1832 aesta-

172 1860 228 1908 tem
253 1857 489 1907 commoraturus.
513 1849 617 1920 Magus
640 1856 699 1904 tum
720 1864 753 1904 eo
768 1848 918 1905 hominum
933 1849 990 1904 ire·

174 1924 292 1995 quentia
308 1937 315 1977 :
331 1917 529 1992 episcoporum
543 1935 657 1992 quoquc
682 1921 820 1988 rapotone
843 1935 991 1990 procerum

174 1995 290 2053 ordines
311 1993 346 2048 ad
371 1991 541 2049 electionem
564 1991 772 2062 archiepiscopi
785 1999 991 2056 conuenerant,

173 2069 345 2135 laudemque
368 2063 571 2119 communibus
595 2063 664 2118 rotis
692 2061 888 2132 subtractisque
915 2064 993 2118 desi-

174 2147 276 2206 auatus
297 2145 339 2192 ιιι
353 2134 463 2191 Eirieus
486 2133 635 2204 epiecopus
649 2133 880 2202 Stalannriensis,
896 2141 992 2190 aucto·

175 2211 257 2265 ritate
279 2206 459 2278 potissimum
484 2205 689 2274 archicpiscopi
715 2205 858 2273 Eysteiai,
881 2206 947 2275 qui,
964 2211 993 2259 ut

173 2280 348 2338 sibitiirieus
362 2276 547 2346 sufficeretur,
562 2278 687 2332 moriens
702 2285 837 2332 suaserat.
848 2277 881 2332 ιιι
892 2291 992 2348 quam·

172 2354 273 2408 visrer
285 2351 388 2422 ipsum,
405 2347 533 2405 utnimia
550 2347 719 2404 liberalitate
733 2348 892 2418 profusum,
909 2349 994 2402 rebus

174 2421 375 2480 ecclesiasticis
389 2419 592 2490 dispensandis
608 2421 702 2474 minus
716 2420 851 2475 idoneum
867 2418 993 2475 declara-

173 2494 255 2564 verit,
271 2493 448 2562 pervicerunt
462 2497 558 2546 tamon
574 2491 699 2560 plurium
711 2499 782 2557 rota,
792 2500 816 2546 et
828 2505 993 2560 responsum

176 2566 246 2636 regi,
273 2563 469 2622 liberalitatem
485 2563 514 2616 in
528 2562 742 2642 eretriepiscopo
757 2563 882 2629 requiri3
912 2560 993 2616 sulti-

173 2653 239 2695 cere
252 2635 328 2692 enim
349 2635 512 2691 cathedram
528 2635 698 2701 sumptibus,
715 2631 857 2699 nonlicet
874 2633 994 2702 magnis,
1016 2635 1019 2640 “

174 2707 260 2766 lecito
283 2706 439 2762 exhauriri.
467 2707 563 2775 ltaque
579 2705 689 2760 Eirieus
703 2706 804 2760 eodem
818 2719 895 2761 anno
910 2705 994 2760 inau-

174 2779 321 2852 gurandus
335 2793 350 2834 c
365 2777 456 2848 patria
471 2783 512 2832 est
528 2777 669 2844 proiectus
672 2814 727 2833 .....

212 2871 227 2901 ιι
250 2851 331 2906 luno
360 2848 439 2917 1188,
467 2845 698 2916 archiepiscopus
732 2844 850 2913 Eirieus,
879 2849 996 2916 accepto

1045 1705 1159 1775 triginta
1174 1712 1283 1760 tautum
1298 1703 1459 1770 comitibus,
1474 1703 1683 1776 duodecimque
1693 1703 1872 1776 clypeatus-

1044 1791 1098 1846 que
1121 1775 1255 1832 omuibus
1277 1773 1359 1831 albis.
1376 1775 1416 1830 De
1431 1775 1474 1829 bis
1488 1774 1658 1832 senteutiam
1671 1775 1799 1845 judicum
1815 1793 1870 1833 rex

1045 1847 1215 1918 postulabat,
1230 1845 1359 1916 adjecto:
1376 1847 1468 1902 Nullis
1477 1845 1641 1903 satellitibus
1652 1849 1872 1916 cmnutismnlla

1044 1935 1117 1974 nnec
1132 1918 1229 1974 bellica
1244 1917 1415 1984 archiepisco
1437 1933 1485 1973 ιιι
1499 1918 1644 1989 iadipcre:
1659 1918 1763 1977 uiolari
1776 1921 1813 1975 ub
1834 1935 1873 1976 ec

1046 1992 1131 2057 tepea,
1151 1988 1210 2060 qui,
1225 1989 1378 2058 nonuqinta
1391 1935 1525 2060 clippeum
1537 1992 1667 2058 stipatur,
1683 2007 1752 2046 nave
1765 1991 1874 2062 uiqinti

1046 2063 1212 2117 scalmorum
1226 2061 1352 2116 uebatur.
1369 2061 1422 2116 llee
1435 2060 1501 2125 sibi,
1516 2064 1568 2115 ιιι
1582 2060 1792 2131 Bclnlcpedibus
1806 2077 1871 2118 nee-

1046 2135 1135 2188 meria
1149 2131 1284 2187 eccidisse
1300 2133 1374 2188 uires
1386 2132 1586 2203 archiepiscopi
1599 2133 1731 2203 Eqsteiru',
1757 2143 1873 2206 quantae

1047 2204 1109 2259 illue
1134 2203 1321 2272 inmiserint,
1337 2219 1399 2258 cum
1414 2203 1450 2258 ad
1465 2204 1658 2259 Brattbamrus
1672 2215 1784 2260 armata
1798 2221 1873 2261 rruue

1048 2275 1221 2346 Betnlopedee
1246 2283 1456 2345 oppuqnarsenl,
1478 2283 1529 2330 aut
1550 2291 1613 2330 cum
1636 2275 1738 2344 Berqie
1751 2279 1871 2333 classem

1047 2347 1372 2418 llapniinlercepissent;
1389 2351 1449 2402 lum
1470 2345 1547 2402 enim
1563 2347 1764 2419 archicpiscopi
1784 2351 1869 2404 satel-

1048 2417 1110 2474 lites
1124 2419 1208 2488 reqiis
1223 2420 1327 2488 priores
1341 2434 1370 2472 se
1385 2419 1531 2474 inuasisse.
1546 2421 1612 2474 laen
1629 2435 1691 2475 uero
1706 2421 1811 2475 trullam
1822 2438 1871 2474 ar·

1047 2490 1229 2560 elriepiscopc,
1244 2498 1294 2544 nat
1309 2491 1435 2546 lienteriae
1448 2490 1517 2556 eius,
1533 2490 1567 2544 ab
1579 2489 1701 2546 hostibus
1710 2491 1870 2562 periculum

1048 2559 1207 2630 irremiaere,
1233 2559 1303 2632 quod
1324 2561 1441 2616 armatis
1463 2560 1548 2631 copiis
1570 2577 1705 2618 urcemere
1727 2579 1871 2619 necessum

1048 2634 1095 2686 sil.
1118 2631 1149 2688 st
1170 2633 1232 2703 quis
1252 2634 1489 2688 mercenariorum
1500 2631 1529 2686 ei
1542 2649 1618 2700 usus,
1634 2635 1730 2688 saltem
1745 2637 1775 2690 in
1789 2637 1871 2691 caci-

1049 2703 1145 2759 deadis
1159 2704 1274 2772 rupibus
1284 2707 1334 2758 cul
1341 2703 1484 2775 poliendis
1493 2703 1582 2772 sucis,
1593 2705 1822 2778 deportarentque
1830 2710 1870 2762 ad

1050 2773 1266 2844 edificationem
1289 2775 1394 2845 templi,
1419 2791 1482 2830 eum
1496 2774 1593 2832 debere
1611 2792 1677 2842 esse,
1694 2779 1798 2834 necari
1811 2779 1872 2834 eliu

1050 2861 1113 2917 opes
1128 2848 1223 2900 tantas
1237 2845 1397 2902 destinatas.
1415 2848 1455 2901 Αιι
1475 2847 1533 2902 haec
1547 2847 1780 2920 archiepiscopus
1807 2849 1871 2904 tali·

176 2921 274 2994 pallio,
296 2924 386 2976 Rome
407 2918 529 2985 rediens,
546 2917 716 2982 Nidrosiam,
731 2917 828 2972 eedem
844 2933 925 2973 suam
937 2918 995 2986 jnm
1011 2949 1036 3015 G
1051 2917 1104 2972 hus
1123 2916 1217 2972 verbis
1232 2919 1376 2986 respondit
1393 2935 1399 2972 :
1418 2920 1548 2988 Pontifex
1563 2921 1700 2974 Romanas
1715 2919 1787 2976 hane
1801 2920 1872 2976 milri
1947 2983 1948 2988 η

176 2995 292 3058 luctam,
308 2989 387 3046 adiit.
404 2989 463 3047 Nec
477 2990 524 3044 diu
540 2996 613 3058 post,
630 3004 724 3055 recem
741 2989 818 3046 inter
838 2997 866 3044 et
884 2988 995 3044 auchie·
1051 2989 1199 3044 Ecclesiam
1214 3003 1277 3044 eum
1290 2989 1419 3046 omnibus
1432 2991 1491 3058 ejus
1504 2991 1600 3061 opibus
1613 2991 1770 3048 commisit:
1787 2991 1873 3048 libere

176 3065 324 3134 piscopum
343 3061 470 3117 simultas
485 3061 613 3130 qaedam
629 3067 724 3115 exorta
738 3067 790 3115 est.
806 3065 913 3116 Ansam
930 3060 997 3116 huic
1050 3060 1147 3130 itaque
1158 3060 1232 3125 illas,
1248 3060 1338 3130 quoad
1351 3063 1456 3125 cicero,
1472 3062 1633 3132 dispensabo
1646 3077 1653 3117 :
1664 3067 1727 3117 scrut
1738 3063 1813 3119 enirn
1824 3065 1873 3120 bei

177 3135 280 3192 dedere
301 3134 465 3201 conciones,
490 3129 594 3202 quibus
614 3129 644 3186 in
668 3131 756 3188 choro
780 3131 877 3202 templi
894 3131 997 3187 habilis
1049 3135 1261 3202 cunctorumque
1275 3133 1344 3201 ejus.
1361 3131 1432 3188 lltud
1448 3149 1510 3189 nero
1522 3148 1575 3188 non
1586 3134 1738 3203 inficiabor,
1751 3135 1870 3202 domine,

177 3205 408 3276 archiepiscopus
430 3204 537 3274 asperis
562 3202 654 3258 verbis
674 3203 702 3258 iu
720 3203 903 3273 Betulcpedes
918 3203 996 3258 inre·
1048 3203 1182 3276 plurimes
1194 3203 1293 3273 probos
1308 3205 1380 3258 uires
1395 3205 1480 3258 mulie
1492 3221 1600 3259 mecum
1613 3208 1703 3276 quiete
1715 3223 1750 3262 uc
1764 3207 1871 3276 placide

178 3284 240 3334 etus
253 3283 325 3346 erat,
342 3289 461 3346 quorum
478 3276 562 3330 ιιιιιιιι
584 3273 721 3330 obtrusum
745 3275 877 3341 occurrit,
890 3275 957 3330 lieet
980 3291 997 3329 a
1049 3277 1221 3336 conuersuri,
1244 3289 1325 3344 qaum
1348 3277 1401 3330 libi
1419 3273 1557 3346 maleficis
1578 3275 1668 3345 litare,
1693 3279 1871 3349 campaneis

177 3347 324 3406 canocicis
334 3346 413 3404 omui
424 3347 517 3402 studio
527 3353 661 3414 exceptus
676 3353 759 3401 esset.
775 3345 956 3402 decedebant
970 3351 997 3400 et
1050 3347 1107 3414 iem
1128 3362 1177 3416 per
1199 3349 1225 3401 le
1241 3345 1394 3416 tranquilla
1417 3348 1475 3402 citu
1490 3349 1688 3418 permittatur,-
1702 3365 1761 3416 ιιι,
1776 3349 1803 3405 si
1814 3350 1871 3406 mei

177 3421 240 3476 alia
265 3434 308 3476 res
331 3421 366 3474 de
387 3418 490 3488 quibus
505 3433 551 3472 ιιι
565 3423 592 3472 ιι
606 3415 838 3487 archiepiscopus
851 3416 997 3472 dissentie-
1049 3417 1174 3472 ministri
1187 3421 1271 3473 uestes
1286 3423 1335 3472 cul
1348 3435 1428 3473 amna
1445 3418 1583 3485 cleqautiu
1596 3425 1714 3488 qeslarrt,
1726 3421 1776 3476 itta
1785 3426 1870 3493 proti·
1947 3423 1948 3426 ’

178 3492 257 3560 baut,
268 3505 389 3562 quarum
405 3489 548 3560 praecipua
562 3496 706 3544 momenta
722 3489 998 3558 breccrant21mpo-
1048 3505 1102 3544 nus
1116 3489 1230 3544 aliunde
1244 3497 1398 3559 rapuernmt
1411 3514 1418 3554 ς
1433 3489 1560 3559 pacifices
1574 3493 1648 3546 enim
1661 3509 1690 3547 se
1704 3501 1815 3560 pereunt,
1825 3511 1870 3549 ne·

179 3565 263 3619 situm
280 3562 396 3618 rusticis
409 3561 445 3617 ab
457 3559 591 3633 llysteiuo
606 3575 689 3630 onus,
705 3560 808 3616 comite
823 3560 938 3628 llrlingo
955 3558 997 3615 ιιι
1049 3563 1174 3632 uniruique
1188 3559 1324 3630 injuriam
1335 3563 1469 3631 inierunt.
1480 3562 1565 3630 Certe,
1576 3564 1758 3618 mirabantur
1766 3567 1868 3630 cereri,

179 3634 389 3696 consentiente,
402 3633 447 3689 ιιι
462 3633 643 3696 connivente,
662 3632 723 3687 loco
738 3631 822 3696 ebria,
846 3631 889 3686 ret
905 3631 997 3686 unciae
1052 3633 1259 3702 archiepiscopo
1283 3647 1336 3687 non
1359 3635 1482 3704 permitti
1506 3633 1659 3690 arbitrium
1679 3636 1774 3691 alendi
1787 3647 1813 3692 el
1828 3653 1872 3692 ee·

179 3705 313 3776 uulgaris,
339 3721 402 3774 quae
425 3718 460 3759 ex
474 3709 586 3773 recepta
600 3701 799 3768 estimatione,
818 3701 870 3757 buc
884 3703 1000 3757 nomine
1052 3703 1158 3759 stieadi
1172 3719 1238 3774 qnos
1254 3704 1362 3772 quidem
1376 3705 1510 3772 voluerim
1525 3709 1668 3776 praelectus
1687 3711 1779 3762 eutem
1803 3719 1874 3778 tuos,

180 3779 210 3833 iu
226 3776 362 3832 mulctam
376 3794 392 3832 a
405 3773 636 3843 delinquentibus
651 3773 720 3828 sotei
736 3775 827 3842 solita,
842 3774 900 3839 reat
915 3774 999 3829 etiarn
1054 3791 1119 3902 quos
1134 3790 1169 3829 ce
1178 3774 1312 3830 merrdieis
1325 3777 1452 3840 evexisti,
1468 3777 1583 3832 calamis
1593 3777 1874 3848 mepanatparim-

182 3847 367 3918 pendebatur,
383 3852 544 3916 argenteam
569 3844 604 3899 ab
630 3844 773 3914 episcopo,
797 3845 914 3900 nomine
937 3844 999 3914 qui·
1065 3861 1182 3920 orrqsque
1203 3862 1253 3917 pre
1269 3846 1349 3902 libito
1361 3847 1491 3918 spoliare,
1506 3850 1590 3904 etiam
1604 3848 1739 3905 elimenta
1754 3851 1877 3922 diripere

180 3921 245 3976 dem
268 3919 378 3987 eodem,
405 3917 453 3974 sed
477 3917 566 3986 pretio
580 3916 677 3986 duplo,
694 3916 842 3979 sinuatam.
860 3915 938 3981 Quod
957 3916 1000 3970 la·
1053 3917 1176 3981 miseris,
1192 3917 1221 3972 ιι
1236 3919 1265 3972 in
1281 3920 1356 3974 lucro
1372 3920 1574 3992 reputantibus,
1591 3919 1724 3993 quidquid
1735 3921 1770 3978 ud
1781 3939 1876 3978 corana

180 3998 259 4046 ctum
273 4005 322 4045 rex
336 3987 566 4059 reroearljasstr,
587 4003 621 4043 ex
645 3986 755 4058 legibus
777 3987 901 4055 antiquis
924 3995 1000 4042 certe
1053 3990 1305 4060 rapinureliquum
1320 3989 1476 4046 inuenerint.

182 4068 351 4132 receptoque
375 4059 465 4130 pretio
489 4059 626 4114 muletam
650 4060 754 4114 debere
777 4058 848 4113 solui
877 4067 1000 4128 praeten·
1091 4083 1105 4110 «
1122 4061 1178 4116 lter
1204 4063 1313 4118 incolas
1335 4062 1494 4118 secuudum
1522 4061 1596 4128 lenes
1618 4065 1787 4120 seutentiam
1803 4064 1874 4122 terre

180 4133 269 4200 deus;
293 4131 487 4202 nequeenim
511 4129 660 4202 lirlingum
685 4132 733 4198 jus
762 4128 893 4185 habuisse
920 4131 999 4185 anti·
1052 4131 1146 4200 jussit,
1175 4137 1243 4202 quot
1271 4135 1452 4203 stipatoribus
1478 4133 1692 4206 archiepiscopo
1710 4140 1748 4191 uti
1763 4137 1869 4193 liceret.
1947 4129 1948 4134 ’

181 4203 288 4275 quondl
300 4204 327 4258 S.
340 4201 412 4258 otuu
429 4203 515 4271 leges,
531 4208 640 4258 tautum
653 4208 681 4257 ut
692 4201 790 4270 inique
804 4201 880 4256 cives
894 4201 1001 4258 exhau-
1055 4203 1119 4258 Mus
1134 4204 1260 4273 quinque
1274 4205 1384 4260 diorum
1401 4206 1521 4260 inductae
1538 4207 1620 4277 datae,
1641 4207 1714 4262 intra
1738 4224 1808 4278 quos
1832 4209 1871 4264 la·
1947 4221 1948 4226 ¹

181 4275 281 4332 ricudc
304 4273 417 4331 lucrum
443 4273 555 4342 laceret,
581 4274 656 4329 unde
677 4273 920 4329 consecrationem
942 4273 1000 4328 irtio
1056 4273 1127 4331 muli
1148 4291 1249 4331 ornnes
1273 4277 1506 4348 mercenariique,
1520 4292 1601 4359 ¹quos
1624 4278 1816 4352 praeterlcges
1830 4297 1872 4336 ar·
1947 4291 1948 4300 ¹

182 4361 244 4416 suo,
260 4347 452 4402 successionis
464 4345 528 4416 jure
540 4346 682 4412 destituto,
699 4351 886 4427 compareret,
908 4344 999 4414 siqui·
1016 4319 1254 4417 Dohiepiscopus
1277 4347 1374 4411 aleret,
1402 4350 1487 4404 domo
1501 4365 1562 4418 equs
1576 4349 1655 4406 abrre
1670 4365 1759 4421 quss13
1776 4367 1798 4406 ιι
1815 4367 1874 4421 quus

182 4417 247 4474 dem
262 4418 293 4473 in
308 4417 444 4488 Norvcgia
459 4432 617 4488 nunquam,
634 4417 675 4472 ιιι
693 4416 1000 4486 ριιιιιιιιιιιιιιιιιιι,

183 4489 238 4544 nisi
254 4489 327 4556 repis
342 4489 401 4546 silio
417 4503 534 4558 reguum
551 4487 697 4555 delatum,
713 4488 748 4543 ab
769 4488 883 4558 btrliueo
907 4495 1001 4543 autem

182 4561 262 4630 leges
287 4557 408 4624 diuinas.
436 4560 587 4624 humanas,
608 4560 709 4630 regias,
726 4559 834 4626 civiles,
851 4558 934 4615 nihili
951 4559 1001 4628 hae

184 4631 265 4700 bites,
281 4639 308 4688 el
322 4631 547 4703 archiepiscopo,
563 4639 592 4686 ut
607 4632 682 4686 circs
696 4633 864 4686 auctoritate
879 4646 930 4685 sua
951 4646 1001 4700 op-

183 4704 327 4773 primeret,
353 4703 533 4776 permissum.
558 4701 710 4759 Postulavit
733 4703 826 4772 itaque
849 4701 885 4756 ab
909 4702 1001 4758 Eirico

183 4790 243 4841 ιιι,
259 4783 289 4830 ιιι
303 4774 533 4846 quandoquidem
549 4773 610 4846 ipse
626 4773 752 4830 redditus
766 4788 831 4829 suos
848 4772 902 4829 hoe
915 4773 1001 4829 modo

181 4845 212 4903 io
227 4845 348 4916 duplum
363 4847 481 4914 auxerit,
499 4843 559 4916 peri
574 4845 861 4917 quoqueauctoritate
871 4859 937 4901 suos
947 4844 1000 4901 sibi

180 4918 327 4975 intendere
344 4919 450 4987 liceret,
467 4915 630 4973 violatarum
645 4916 749 4974 deinde
764 4917 867 4988 logum,
884 4916 1000 4985 inituris·

182 5005 304 5062 ruraque
328 4991 358 5046 ia
383 4991 467 5055 circs,
488 4989 548 5056 ipso
562 4989 794 5058 archiepiscopus
811 4992 866 5042 tleo
882 4987 1000 5056 populo-

181 5077 235 5132 que
250 5061 388 5118 raticnem
405 5062 542 5117 redderet.
560 5063 598 5115 ιι
620 5075 682 5128 quea
703 5060 772 5114 satis
785 5059 912 5114 animose
927 5057 999 5114 iliri-

181 5149 231 5190 ιιι
247 5150 254 5188 :
270 5138 323 5191 lus
337 5133 489 5204 episcopale
503 5147 615 5201 semper
629 5131 835 5203 ampliandum,
852 5146 998 5200 nunquam

180 5209 276 5261 autem
292 5206 479 5262 minuendum
494 5219 574 5270 essc;
591 5202 648 5272 roei
666 5219 730 5259 vero
752 5217 785 5258 cx
809 5201 902 5268 tearum
929 5218 999 5270 prae·

181 5277 285 5344 scripto
298 5279 492 5347 juramentum
510 5277 653 5344 proprium
670 5275 888 5340 observandum,
904 5279 930 5327 et
944 5275 999 5330 ileo

181 5347 295 5416 quidem
320 5348 431 5418 sibique
455 5348 593 5405 rationem
617 5346 652 5402 ub
672 5347 744 5416 ipso,
761 5346 786 5400 si
802 5345 875 5400 Deus
891 5345 997 5416 lecerit,

181 5417 374 5486 reddendamq
392 5434 536 5490 nunquam
550 5417 626 5474 caim
643 5423 724 5473 antea
740 5417 770 5473 io
787 5416 945 5471 reddituum
958 5433 997 5472 re·

182 5489 291 5560 giorum
316 5491 456 5546 solertiore
480 5493 662 5558 augmentum
688 5489 741 5543 tale
765 5495 996 5553 receptura...„·

222 5565 303 5612 nane
319 5559 397 5616 rtet.
414 5561 611 5618 controuersiae
626 5560 698 5616 inter
712 5575 805 5630 regom
821 5563 850 5614 et
862 5559 1000 5628 arehiepi-

184 5647 300 5704 scopum
324 5635 417 5690 uerius
441 5635 562 5706 gliscere
584 5639 742 5702 caperent.
769 5653 782 5680 a
801 5629 872 5702 lingo
887 5630 1000 5702 quidem

1057 4419 1131 4473 ultra
1160 4418 1337 4487 remanserit,
1367 4418 1427 4488 ejus
1452 4420 1524 4475 bona
1550 4420 1618 4476 lisca
1644 4422 1721 4488 renio
1745 4423 1871 4478 addicta:

1056 4489 1116 4559 ipso
1132 4489 1282 4545 duarnatus
1306 4493 1547 4560 proscriptosque,
1567 4493 1665 4559 quouis
1680 4493 1742 4549 loco
1759 4495 1872 4562 impune

1055 4561 1241 4617 occidendus.
1267 4563 1317 4616 llis
1343 4562 1537 4632 promulgatis,
1554 4565 1795 4634 archiepiscopus,
1811 4581 1872 4622 cum
1947 4581 1948 4594 ¹

1055 4639 1113 4688 toto
1128 4632 1278 4702 lumulitio,
1295 4633 1444 4702 rebusque,
1459 4651 1528 4702 quas
1542 4635 1653 4690 auterre
1669 4637 1767 4706 potuit,
1779 4639 1870 4693 eruni-
1947 4696 1948 4709 ,

1056 4703 1117 4773 ιιι,
1135 4703 1204 4760 urbe
1218 4719 1328 4759 summu
1343 4703 1487 4760 celeritate
1509 4721 1647 4775 egressus,
1672 4708 1707 4762 ad
1731 4709 1869 4776 archiept-
1947 4723 1948 4770 1

1055 4789 1156 4844 copum
1182 4775 1383 4846 (laudensem)
1408 4776 1574 4832 ttrsalouem
1600 4779 1629 4834 iu
1646 4777 1763 4834 Daniam
1781 4780 1871 4849 proie-
1947 4793 1948 4832 ι

1055 4852 1116 4902 ctus
1131 4852 1182 4917 est,
1209 4845 1386 4918 benigneque
1410 4858 1555 4914 exceptus,
1579 4847 1665 4918 ionae
1687 4857 1812 4920 tompore
1836 4853 1873 4908 ibi

1055 4917 1219 4990 permansit.
1236 4917 1362 4973 Tandem
1380 4919 1410 4974 in
1426 4919 1555 4975 ιιιιιιιιιιιι
1576 4923 1646 4977 adeo
1671 4937 1781 4985 ararem
1802 4923 1872 4978 iaci·

1054 4991 1106 5056 ιιι,
1132 4996 1171 5052 ut,
1196 4989 1314 5044 orlralua
1330 4991 1404 5057 uisu,
1421 4991 1450 5046 ia
1467 5001 1611 5060 presterum
1625 4993 1697 5048 lucis
1713 5008 1763 5048 rrsu
1780 5009 1873 5052 carue·
1947 5017 1948 5022 ¹

1053 5062 1087 5117 rit
1092 5081 1178 5116 ......

1090 5133 1150 5197 llis,
1166 5147 1227 5198 qum
1242 5131 1371 5200 superius
1386 5132 1460 5188 dicta
1474 5143 1550 5196 sunt,
1567 5135 1668 5190 Thom.
1681 5135 1873 5208 berthelinus,

1053 5203 1144 5272 drrliq.
1162 5204 1231 5257 Dnn.
1247 5203 1296 5258 lib.
1313 5219 1343 5269 ιι,
1361 5219 1386 5260 c.
1404 5205 1429 5268 ι,
1447 5221 1512 5274 pua.
1528 5207 1580 5260 eil
1596 5217 1621 5260 at
1637 5223 1698 5277 sqq.
1712 5223 1745 5262 ex
1757 5209 1873 5265 Wilhel·
1947 5249 1948 5252 ι

1054 5291 1099 5330 mu
1111 5275 1243 5345 Ntrubrig.
1254 5275 1361 5342 adjicit,
1374 5275 1448 5345 quod
1461 5278 1701 5346 erratriopiscuuus,
1715 5280 1872 5348 interpella-

1054 5354 1127 5401 tusa
1144 5361 1209 5416 rege
1223 5348 1257 5401 dc
1271 5348 1438 5402 coronesibr
1450 5349 1622 5418 imponenda
1634 5350 1761 5422 obsequi,
1775 5367 1869 5409 renua-
1947 5349 1948 5390 t

1055 5417 1099 5484 ιιι,
1130 5415 1295 5489 litterasque
1322 5419 1356 5474 ad
1385 5418 1547 5489 pontificem
1578 5437 1610 5477 ea
1637 5421 1872 5494 deroscriptnse
1947 5427 1948 5484 3

1056 5489 1176 5560 praestito
1192 5495 1338 5557 nreurcrat,
1353 5504 1470 5558 quarum
1488 5500 1593 5561 pentem
1610 5493 1735 5563 exponit.
1947 5527 1948 5562 ι

1091 5561 1183 5630 Pergit
1198 5560 1398 5616 Thermuudus
1412 5561 1537 5620 Torlaeus
1553 5581 1560 5620 r
1579 5587 1590 5614 ι
1608 5567 1683 5621 luter
1697 5564 1768 5634 haec,
1779 5564 1867 5622 archi·
1947 5583 1948 5592 ¹

1055 5632 1179 5704 episcopi
1196 5631 1305 5688 Eirieus
1320 5639 1347 5689 et
1361 5632 1488 5692 absalon
1503 5637 1563 5705 eius
1579 5635 1691 5708 hospes,
1704 5635 1870 5694 nantitstto-
1947 5647 1948 5658 ¹
