<?xml version="1.0" encoding="UTF-8"?>
<!DOCTYPE html PUBLIC "-//W3C//DTD XHTML 1.0 Transitional//EN"
    "http://www.w3.org/TR/xhtml1/DTD/xhtml1-transitional.dtd">
<html xmlns="http://www.w3.org/1999/xhtml" xml:lang="en" lang="en">
 <head>
  <title>
</title>
<meta http-equiv="Content-Type" content="text/html;charset=utf-8" />
  <meta name='ocr-system' content='tesseract 3.04.00' />
  <meta name='ocr-capabilities' content='ocr_page ocr_carea ocr_par ocr_line ocrx_word'/>
</head>
<body>
  <div class='ocr_page' id='page_1' title='image "./patrologiaecurs103unkngoog/patrologiaecurs103unkngoog_0465.png"; bbox 0 0 3972 6068; ppageno 0'>
   <div class='ocr_carea' id='block_1_1' title="bbox 112 339 167 394">
    <p class='ocr_par' dir='ltr' id='par_1_1' title="bbox 112 339 167 394">
     <span class='ocr_line' id='line_1_1' title="bbox 112 339 167 394; baseline 0.036 -2"><span class='ocrx_word' id='word_1_1' title='bbox 112 339 167 394; x_wconf 76' lang='lat'><strong>685</strong></span> 
     </span>
    </p>
   </div>
   <div class='ocr_carea' id='block_1_2' title="bbox 632 343 1310 403">
    <p class='ocr_par' dir='ltr' id='par_1_2' title="bbox 632 343 1310 403">
     <span class='ocr_line' id='line_1_2' title="bbox 632 343 1310 403; baseline 0 -1"><span class='ocrx_word' id='word_1_2' title='bbox 632 345 884 403; x_wconf 79' lang='lat' dir='ltr'><strong>PONTIFICATUS</strong></span> <span class='ocrx_word' id='word_1_3' title='bbox 902 343 998 399; x_wconf 78' lang='grc' dir='ltr'><strong>ΔΝΝΟ</strong></span> <span class='ocrx_word' id='word_1_4' title='bbox 1018 345 1053 400; x_wconf 92' lang='lat' dir='ltr'><strong>ll.</strong></span> <span class='ocrx_word' id='word_1_5' title='bbox 1074 345 1212 402; x_wconf 81' lang='lat' dir='ltr'>CHRISTI</span> <span class='ocrx_word' id='word_1_6' title='bbox 1233 349 1310 402; x_wconf 75' lang='lat' dir='ltr'><strong>llas.</strong></span> 
     </span>
    </p>
   </div>
   <div class='ocr_carea' id='block_1_3' title="bbox 1766 349 1820 404">
    <p class='ocr_par' dir='ltr' id='par_1_3' title="bbox 1766 349 1820 404">
     <span class='ocr_line' id='line_1_3' title="bbox 1766 349 1820 404; baseline -0.019 0"><span class='ocrx_word' id='word_1_7' title='bbox 1766 349 1820 404; x_wconf 83' lang='lat'><strong>686</strong></span> 
     </span>
    </p>
   </div>
   <div class='ocr_carea' id='block_1_4' title="bbox 111 466 1818 546">
    <p class='ocr_par' dir='ltr' id='par_1_4' title="bbox 111 466 1818 546">
     <span class='ocr_line' id='line_1_4' title="bbox 111 466 1818 546; baseline 0.005 -24"><span class='ocrx_word' id='word_1_8' title='bbox 111 466 323 536; x_wconf 71' lang='lat' dir='ltr'><strong>heresiarcha,</strong></span> <span class='ocrx_word' id='word_1_9' title='bbox 337 468 368 524; x_wconf 92' lang='lat' dir='ltr'><strong>in</strong></span> <span class='ocrx_word' id='word_1_10' title='bbox 382 470 574 543; x_wconf 87' lang='lat' dir='ltr'><strong>apostolicam</strong></span> <span class='ocrx_word' id='word_1_11' title='bbox 590 472 691 528; x_wconf 89' lang='lat' dir='ltr'><strong>sedem</strong></span> <span class='ocrx_word' id='word_1_12' title='bbox 715 473 868 539; x_wconf 88' lang='lat' dir='ltr'><strong>intrusus;</strong></span> <span class='ocrx_word' id='word_1_13' title='bbox 885 470 936 543; x_wconf 91' lang='lat' dir='ltr'><strong>qui</strong></span> <span class='ocrx_word' id='word_1_14' title='bbox 949 473 979 538; x_wconf 84' lang='lat' dir='ltr'>A</span> <span class='ocrx_word' id='word_1_15' title='bbox 993 487 1081 542; x_wconf 90' lang='lat' dir='ltr'><strong>quam</strong></span> <span class='ocrx_word' id='word_1_16' title='bbox 1095 471 1211 546; x_wconf 89' lang='lat' dir='ltr'><strong>justum</strong></span> <span class='ocrx_word' id='word_1_17' title='bbox 1239 471 1431 545; x_wconf 76' lang='lat' dir='ltr'><strong>presumitur</strong></span> <span class='ocrx_word' id='word_1_18' title='bbox 1456 474 1615 530; x_wconf 77' lang='lat' dir='ltr'><strong>exstitisse.</strong></span> <span class='ocrx_word' id='word_1_19' title='bbox 1641 472 1818 531; x_wconf 83' lang='lat' dir='ltr'><strong>Praedictam</strong></span> 
     </span>
    </p>
   </div>
   <div class='ocr_carea' id='block_1_5' title="bbox 108 556 941 1708">
    <p class='ocr_par' dir='ltr' id='par_1_5' title="bbox 108 556 941 1708">
     <span class='ocr_line' id='line_1_5' title="bbox 111 556 938 635; baseline 0.006 -24"><span class='ocrx_word' id='word_1_20' title='bbox 111 556 210 628; x_wconf 87' lang='lat' dir='ltr'><strong>qualis</strong></span> <span class='ocrx_word' id='word_1_21' title='bbox 226 558 382 629; x_wconf 88' lang='lat' dir='ltr'><strong>exstiterit,</strong></span> <span class='ocrx_word' id='word_1_22' title='bbox 399 560 505 617; x_wconf 76' lang='lat' dir='ltr'><strong>litterae</strong></span> <span class='ocrx_word' id='word_1_23' title='bbox 535 562 643 618; x_wconf 88' lang='lat' dir='ltr'><strong>Gelasii</strong></span> <span class='ocrx_word' id='word_1_24' title='bbox 666 579 749 635; x_wconf 80' lang='lat' dir='ltr'><strong>papas</strong></span> <span class='ocrx_word' id='word_1_25' title='bbox 774 560 873 618; x_wconf 73' lang='lat' dir='ltr'><strong>missa</strong></span> <span class='ocrx_word' id='word_1_26' title='bbox 900 559 938 617; x_wconf 89' lang='lat' dir='ltr'><strong>ad</strong></span> 
     </span>
     <span class='ocr_line' id='line_1_6' title="bbox 112 647 940 726; baseline 0.004 -23"><span class='ocrx_word' id='word_1_27' title='bbox 112 647 940 726; x_wconf 76' lang='lat' dir='ltr'><strong>viennensemarchiepiscopumapertedepinguntrm-</strong></span> 
     </span>
     <span class='ocr_line' id='line_1_7' title="bbox 110 739 937 812; baseline 0.002 -20"><span class='ocrx_word' id='word_1_28' title='bbox 110 741 193 792; x_wconf 87' lang='lat' dir='ltr'><strong>terea</strong></span> <span class='ocrx_word' id='word_1_29' title='bbox 214 743 318 795; x_wconf 89' lang='lat' dir='ltr'><strong>contra</strong></span> <span class='ocrx_word' id='word_1_30' title='bbox 339 739 381 794; x_wconf 92' lang='lat' dir='ltr'><strong>rei</strong></span> <span class='ocrx_word' id='word_1_31' title='bbox 393 739 535 811; x_wconf 74' lang='lat' dir='ltr'><strong>judicatas</strong></span> <span class='ocrx_word' id='word_1_32' title='bbox 556 743 763 798; x_wconf 88' lang='lat' dir='ltr'><strong>auctoritatem</strong></span> <span class='ocrx_word' id='word_1_33' title='bbox 778 741 937 812; x_wconf 87' lang='lat' dir='ltr'><strong>impetrata</strong></span> 
     </span>
     <span class='ocr_line' id='line_1_8' title="bbox 109 825 934 904; baseline 0.002 -23"><span class='ocrx_word' id='word_1_34' title='bbox 109 829 181 882; x_wconf 89' lang='lat' dir='ltr'><strong>suut</strong></span> <span class='ocrx_word' id='word_1_35' title='bbox 193 825 246 883; x_wconf 86' lang='lat' dir='ltr'><strong>illa</strong></span> <span class='ocrx_word' id='word_1_36' title='bbox 260 829 413 901; x_wconf 89' lang='lat' dir='ltr'><strong>rescripta,</strong></span> <span class='ocrx_word' id='word_1_37' title='bbox 435 830 511 886; x_wconf 89' lang='lat' dir='ltr'><strong>sicut</strong></span> <span class='ocrx_word' id='word_1_38' title='bbox 525 830 667 902; x_wconf 89' lang='lat' dir='ltr'><strong>probatur</strong></span> <span class='ocrx_word' id='word_1_39' title='bbox 681 848 734 904; x_wconf 91' lang='lat' dir='ltr'><strong>per</strong></span> <span class='ocrx_word' id='word_1_40' title='bbox 748 829 934 885; x_wconf 79' lang='lat' dir='ltr'><strong>Emeritense</strong></span> 
     </span>
     <span class='ocr_line' id='line_1_9' title="bbox 111 915 941 992; baseline 0.001 -21"><span class='ocrx_word' id='word_1_41' title='bbox 111 915 291 985; x_wconf 84' lang='lat' dir='ltr'><strong>concilinm;</strong></span> <span class='ocrx_word' id='word_1_42' title='bbox 308 917 409 990; x_wconf 90' lang='lat' dir='ltr'><strong>inquo</strong></span> <span class='ocrx_word' id='word_1_43' title='bbox 424 936 478 992; x_wconf 90' lang='lat' dir='ltr'><strong>per</strong></span> <span class='ocrx_word' id='word_1_44' title='bbox 491 920 644 976; x_wconf 89' lang='lat' dir='ltr'><strong>decretum</strong></span> <span class='ocrx_word' id='word_1_45' title='bbox 655 919 831 992; x_wconf 87' lang='lat' dir='ltr'><strong>synodicum</strong></span> <span class='ocrx_word' id='word_1_46' title='bbox 847 923 877 974; x_wconf 89' lang='lat' dir='ltr'><strong>et</strong></span> <span class='ocrx_word' id='word_1_47' title='bbox 887 917 941 990; x_wconf 87' lang='lat' dir='ltr'><strong>ju-</strong></span> 
     </span>
     <span class='ocr_line' id='line_1_10' title="bbox 109 1004 935 1082; baseline -0.001 -21"><span class='ocrx_word' id='word_1_48' title='bbox 109 1004 182 1061; x_wconf 90' lang='lat' dir='ltr'><strong>dicii</strong></span> <span class='ocrx_word' id='word_1_49' title='bbox 205 1005 363 1062; x_wconf 77' lang='lat' dir='ltr'><strong>formulam</strong></span> <span class='ocrx_word' id='word_1_50' title='bbox 388 1007 551 1065; x_wconf 87' lang='lat' dir='ltr'><strong>secundum</strong></span> <span class='ocrx_word' id='word_1_51' title='bbox 575 1009 735 1066; x_wconf 89' lang='lat' dir='ltr'><strong>canonicas</strong></span> <span class='ocrx_word' id='word_1_52' title='bbox 760 1007 877 1082; x_wconf 85' lang='lat' dir='ltr'><strong>regulos</strong></span> <span class='ocrx_word' id='word_1_53' title='bbox 890 1005 935 1061; x_wconf 93' lang='lat' dir='ltr'><strong>illi</strong></span> 
     </span>
     <span class='ocr_line' id='line_1_11' title="bbox 110 1095 937 1168; baseline 0.002 -18"><span class='ocrx_word' id='word_1_54' title='bbox 110 1095 243 1168; x_wconf 84' lang='lat' dir='ltr'><strong>episcopi</strong></span> <span class='ocrx_word' id='word_1_55' title='bbox 253 1095 490 1154; x_wconf 85' lang='lat' dir='ltr'><strong>videnturluisse</strong></span> <span class='ocrx_word' id='word_1_56' title='bbox 501 1099 627 1157; x_wconf 88' lang='lat' dir='ltr'><strong>reducti.</strong></span> <span class='ocrx_word' id='word_1_57' title='bbox 645 1101 797 1155; x_wconf 88' lang='lat' dir='ltr'><strong>Postremo</strong></span> <span class='ocrx_word' id='word_1_58' title='bbox 810 1095 880 1153; x_wconf 92' lang='lat' dir='ltr'><strong>dicti</strong></span> <span class='ocrx_word' id='word_1_59' title='bbox 892 1095 937 1152; x_wconf 89' lang='lat' dir='ltr'><strong>le·</strong></span> 
     </span>
     <span class='ocr_line' id='line_1_12' title="bbox 108 1185 937 1261; baseline 0.001 -20"><span class='ocrx_word' id='word_1_60' title='bbox 108 1185 169 1258; x_wconf 87' lang='lat' dir='ltr'><strong>gati</strong></span> <span class='ocrx_word' id='word_1_61' title='bbox 185 1187 335 1243; x_wconf 88' lang='lat' dir='ltr'><strong>sententia</strong></span> <span class='ocrx_word' id='word_1_62' title='bbox 346 1186 407 1244; x_wconf 86' lang='lat' dir='ltr'><strong>lata</strong></span> <span class='ocrx_word' id='word_1_63' title='bbox 421 1193 467 1244; x_wconf 89' lang='lat' dir='ltr'><strong>est</strong></span> <span class='ocrx_word' id='word_1_64' title='bbox 481 1192 585 1244; x_wconf 90' lang='lat' dir='ltr'><strong>contra</strong></span> <span class='ocrx_word' id='word_1_65' title='bbox 599 1188 672 1261; x_wconf 89' lang='lat' dir='ltr'><strong>ipsa.</strong></span> <span class='ocrx_word' id='word_1_66' title='bbox 689 1189 811 1254; x_wconf 87' lang='lat' dir='ltr'><strong>Quibus,</strong></span> <span class='ocrx_word' id='word_1_67' title='bbox 829 1187 854 1242; x_wconf 90' lang='lat' dir='ltr'><strong>si</strong></span> <span class='ocrx_word' id='word_1_68' title='bbox 865 1192 937 1242; x_wconf 90' lang='lat' dir='ltr'><strong>tuuc</strong></span> 
     </span>
     <span class='ocr_line' id='line_1_13' title="bbox 109 1273 934 1350; baseline 0.006 -22"><span class='ocrx_word' id='word_1_69' title='bbox 109 1273 232 1331; x_wconf 83' lang='lat' dir='ltr'><strong>luerunt</strong></span> <span class='ocrx_word' id='word_1_70' title='bbox 255 1275 395 1346; x_wconf 88' lang='lat' dir='ltr'><strong>exhibita,</strong></span> <span class='ocrx_word' id='word_1_71' title='bbox 416 1276 588 1350; x_wconf 83' lang='lat' dir='ltr'><strong>derogatum</strong></span> <span class='ocrx_word' id='word_1_72' title='bbox 613 1283 658 1334; x_wconf 89' lang='lat' dir='ltr'><strong>est</strong></span> <span class='ocrx_word' id='word_1_73' title='bbox 676 1295 729 1350; x_wconf 90' lang='lat' dir='ltr'><strong>per</strong></span> <span class='ocrx_word' id='word_1_74' title='bbox 745 1277 934 1334; x_wconf 87' lang='lat' dir='ltr'><strong>sententiam.</strong></span> 
     </span>
     <span class='ocr_line' id='line_1_14' title="bbox 111 1363 935 1436; baseline 0.001 -17"><span class='ocrx_word' id='word_1_75' title='bbox 111 1363 140 1419; x_wconf 90' lang='lat' dir='ltr'><strong>Si</strong></span> <span class='ocrx_word' id='word_1_76' title='bbox 155 1370 254 1421; x_wconf 89' lang='lat' dir='ltr'><strong>autem</strong></span> <span class='ocrx_word' id='word_1_77' title='bbox 271 1365 402 1422; x_wconf 89' lang='lat' dir='ltr'><strong>exhibita</strong></span> <span class='ocrx_word' id='word_1_78' title='bbox 416 1383 475 1422; x_wconf 90' lang='lat' dir='ltr'><strong>non</strong></span> <span class='ocrx_word' id='word_1_79' title='bbox 490 1366 621 1436; x_wconf 85' lang='lat' dir='ltr'><strong>luerunt,</strong></span> <span class='ocrx_word' id='word_1_80' title='bbox 642 1367 797 1424; x_wconf 81' lang='lat' dir='ltr'><strong>occasione</strong></span> <span class='ocrx_word' id='word_1_81' title='bbox 819 1367 935 1422; x_wconf 90' lang='lat' dir='ltr'><strong>instru-</strong></span> 
     </span>
     <span class='ocr_line' id='line_1_15' title="bbox 111 1453 927 1527; baseline 0 -19"><span class='ocrx_word' id='word_1_82' title='bbox 111 1458 280 1510; x_wconf 88' lang='lat' dir='ltr'><strong>mentorum</strong></span> <span class='ocrx_word' id='word_1_83' title='bbox 296 1456 411 1511; x_wconf 86' lang='lat' dir='ltr'><strong>noviter</strong></span> <span class='ocrx_word' id='word_1_84' title='bbox 425 1461 612 1527; x_wconf 90' lang='lat' dir='ltr'><strong>repertorum</strong></span> <span class='ocrx_word' id='word_1_85' title='bbox 624 1456 784 1512; x_wconf 89' lang='lat' dir='ltr'><strong>auctoritas</strong></span> <span class='ocrx_word' id='word_1_86' title='bbox 794 1455 837 1510; x_wconf 91' lang='lat' dir='ltr'><strong>rei</strong></span> <span class='ocrx_word' id='word_1_87' title='bbox 847 1453 927 1527; x_wconf 86' lang='lat' dir='ltr'><strong>judi·</strong></span> 
     </span>
     <span class='ocr_line' id='line_1_16' title="bbox 110 1543 930 1617; baseline -0.004 -17"><span class='ocrx_word' id='word_1_88' title='bbox 110 1549 183 1600; x_wconf 75' lang='lat' dir='ltr'><strong>cam</strong></span> <span class='ocrx_word' id='word_1_89' title='bbox 199 1560 259 1599; x_wconf 91' lang='lat' dir='ltr'><strong>non</strong></span> <span class='ocrx_word' id='word_1_90' title='bbox 275 1549 373 1617; x_wconf 91' lang='lat' dir='ltr'><strong>potest</strong></span> <span class='ocrx_word' id='word_1_91' title='bbox 387 1545 512 1602; x_wconf 88' lang='lat' dir='ltr'><strong>ulterius</strong></span> <span class='ocrx_word' id='word_1_92' title='bbox 524 1546 675 1602; x_wconf 87' lang='lat' dir='ltr'><strong>attentari.</strong></span> <span class='ocrx_word' id='word_1_93' title='bbox 691 1547 751 1602; x_wconf 87' lang='lat' dir='ltr'><strong>Tua</strong></span> <span class='ocrx_word' id='word_1_94' title='bbox 763 1561 831 1600; x_wconf 81' lang='lat' dir='ltr'><strong>vero</strong></span> <span class='ocrx_word' id='word_1_95' title='bbox 842 1543 930 1616; x_wconf 85' lang='lat' dir='ltr'><strong>priri-</strong></span> 
     </span>
     <span class='ocr_line' id='line_1_17' title="bbox 108 1631 935 1708; baseline 0 -20"><span class='ocrx_word' id='word_1_96' title='bbox 108 1631 186 1706; x_wconf 90' lang='lat' dir='ltr'><strong>legia</strong></span> <span class='ocrx_word' id='word_1_97' title='bbox 198 1633 404 1707; x_wconf 89' lang='lat' dir='ltr'><strong>multipliciter</strong></span> <span class='ocrx_word' id='word_1_98' title='bbox 418 1635 573 1692; x_wconf 81' lang='lat' dir='ltr'><strong>asserebas</strong></span> <span class='ocrx_word' id='word_1_99' title='bbox 592 1635 675 1692; x_wconf 90' lang='lat' dir='ltr'><strong>omni</strong></span> <span class='ocrx_word' id='word_1_100' title='bbox 691 1635 860 1708; x_wconf 88' lang='lat' dir='ltr'><strong>suspicione</strong></span> <span class='ocrx_word' id='word_1_101' title='bbox 884 1650 935 1688; x_wconf 91' lang='lat' dir='ltr'><strong>ca·</strong></span> 
     </span>
    </p>
   </div>
   <div class='ocr_carea' id='block_1_6' title="bbox 988 561 1821 1694">
    <p class='ocr_par' dir='ltr' id='par_1_6' title="bbox 988 561 1821 1694">
     <span class='ocr_line' id='line_1_18' title="bbox 993 561 1819 637; baseline 0.006 -21"><span class='ocrx_word' id='word_1_102' title='bbox 993 577 1061 616; x_wconf 79' lang='lat' dir='ltr'><strong>vero</strong></span> <span class='ocrx_word' id='word_1_103' title='bbox 1073 561 1366 635; x_wconf 73' lang='lat' dir='ltr'><strong>confessionemque</strong></span> <span class='ocrx_word' id='word_1_104' title='bbox 1380 563 1575 637; x_wconf 73' lang='lat' dir='ltr'><strong>recognovisti</strong></span> <span class='ocrx_word' id='word_1_105' title='bbox 1587 565 1618 620; x_wconf 95' lang='lat' dir='ltr'><strong>in</strong></span> <span class='ocrx_word' id='word_1_106' title='bbox 1630 563 1698 637; x_wconf 86' lang='lat' dir='ltr'><strong>jure</strong></span> <span class='ocrx_word' id='word_1_107' title='bbox 1714 581 1819 622; x_wconf 87' lang='lat' dir='ltr'><strong>omnes</strong></span> 
     </span>
     <span class='ocr_line' id='line_1_19' title="bbox 994 651 1818 724; baseline 0.004 -18"><span class='ocrx_word' id='word_1_108' title='bbox 994 651 1148 723; x_wconf 90' lang='lat' dir='ltr'><strong>episcopos</strong></span> <span class='ocrx_word' id='word_1_109' title='bbox 1164 652 1214 724; x_wconf 91' lang='lat' dir='ltr'><strong>qui</strong></span> <span class='ocrx_word' id='word_1_110' title='bbox 1230 652 1431 708; x_wconf 86' lang='lat' dir='ltr'><strong>interfuerunt</strong></span> <span class='ocrx_word' id='word_1_111' title='bbox 1442 653 1539 724; x_wconf 91' lang='lat' dir='ltr'><strong>primo</strong></span> <span class='ocrx_word' id='word_1_112' title='bbox 1555 652 1682 709; x_wconf 90' lang='lat' dir='ltr'><strong>concilio</strong></span> <span class='ocrx_word' id='word_1_113' title='bbox 1709 654 1818 709; x_wconf 86' lang='lat' dir='ltr'><strong>Braca-</strong></span> 
     </span>
     <span class='ocr_line' id='line_1_20' title="bbox 988 740 1819 815; baseline 0.002 -20"><span class='ocrx_word' id='word_1_114' title='bbox 988 740 1073 806; x_wconf 54' lang='lat' dir='ltr'><strong>,rensi</strong></span> <span class='ocrx_word' id='word_1_115' title='bbox 1089 740 1292 797; x_wconf 86' lang='lat' dir='ltr'><strong>indubitanter</strong></span> <span class='ocrx_word' id='word_1_116' title='bbox 1307 740 1344 797; x_wconf 91' lang='lat' dir='ltr'><strong>ad</strong></span> <span class='ocrx_word' id='word_1_117' title='bbox 1360 743 1515 800; x_wconf 87' lang='lat' dir='ltr'><strong>Bracaren.</strong></span> <span class='ocrx_word' id='word_1_118' title='bbox 1527 742 1716 815; x_wconf 87' lang='lat' dir='ltr'><strong>metropolim</strong></span> <span class='ocrx_word' id='word_1_119' title='bbox 1727 743 1819 814; x_wconf 91' lang='lat' dir='ltr'><strong>perti-</strong></span> 
     </span>
     <span class='ocr_line' id='line_1_21' title="bbox 992 829 1821 904; baseline 0.002 -20"><span class='ocrx_word' id='word_1_120' title='bbox 992 845 1064 885; x_wconf 88' lang='lat' dir='ltr'><strong>nere</strong></span> <span class='ocrx_word' id='word_1_121' title='bbox 1076 829 1106 885; x_wconf 89' lang='lat' dir='ltr'><strong>in</strong></span> <span class='ocrx_word' id='word_1_122' title='bbox 1118 829 1200 885; x_wconf 90' lang='lat' dir='ltr'><strong>nullo</strong></span> <span class='ocrx_word' id='word_1_123' title='bbox 1211 831 1265 886; x_wconf 92' lang='lat' dir='ltr'><strong>tibi</strong></span> <span class='ocrx_word' id='word_1_124' title='bbox 1277 847 1365 903; x_wconf 88' lang='lat' dir='ltr'><strong>posse</strong></span> <span class='ocrx_word' id='word_1_125' title='bbox 1379 830 1576 904; x_wconf 72' lang='lat' dir='ltr'><strong>praejudicare</strong></span> <span class='ocrx_word' id='word_1_126' title='bbox 1593 830 1714 888; x_wconf 87' lang='lat' dir='ltr'><strong>dicebas</strong></span> <span class='ocrx_word' id='word_1_127' title='bbox 1725 850 1733 900; x_wconf 91' lang='lat'>;</span> <span class='ocrx_word' id='word_1_128' title='bbox 1750 830 1821 903; x_wconf 88' lang='lat' dir='ltr'><strong>quia</strong></span> 
     </span>
     <span class='ocr_line' id='line_1_22' title="bbox 993 917 1818 994; baseline 0.006 -23"><span class='ocrx_word' id='word_1_129' title='bbox 993 917 1052 974; x_wconf 85' lang='lat' dir='ltr'><strong>sive</strong></span> <span class='ocrx_word' id='word_1_130' title='bbox 1067 919 1227 975; x_wconf 89' lang='lat' dir='ltr'><strong>concilium</strong></span> <span class='ocrx_word' id='word_1_131' title='bbox 1243 919 1448 994; x_wconf 88' lang='lat' dir='ltr'><strong>intelligantur</strong></span> <span class='ocrx_word' id='word_1_132' title='bbox 1458 938 1605 993; x_wconf 82' lang='lat' dir='ltr'><strong>personas,</strong></span> <span class='ocrx_word' id='word_1_133' title='bbox 1623 921 1682 976; x_wconf 91' lang='lat' dir='ltr'><strong>sive</strong></span> <span class='ocrx_word' id='word_1_134' title='bbox 1698 925 1818 990; x_wconf 88' lang='lat' dir='ltr'><strong>statuta,</strong></span> 
     </span>
     <span class='ocr_line' id='line_1_23' title="bbox 992 1007 1817 1081; baseline 0.005 -19"><span class='ocrx_word' id='word_1_135' title='bbox 992 1013 1070 1064; x_wconf 87' lang='lat' dir='ltr'><strong>stare</strong></span> <span class='ocrx_word' id='word_1_136' title='bbox 1088 1025 1147 1064; x_wconf 91' lang='lat' dir='ltr'><strong>non</strong></span> <span class='ocrx_word' id='word_1_137' title='bbox 1174 1013 1271 1081; x_wconf 87' lang='lat' dir='ltr'><strong>potest</strong></span> <span class='ocrx_word' id='word_1_138' title='bbox 1292 1007 1372 1081; x_wconf 89' lang='lat' dir='ltr'><strong>quod</strong></span> <span class='ocrx_word' id='word_1_139' title='bbox 1393 1008 1430 1066; x_wconf 92' lang='lat' dir='ltr'><strong>ad</strong></span> <span class='ocrx_word' id='word_1_140' title='bbox 1457 1009 1622 1066; x_wconf 89' lang='lat' dir='ltr'><strong>secundum</strong></span> <span class='ocrx_word' id='word_1_141' title='bbox 1638 1011 1817 1066; x_wconf 87' lang='lat' dir='ltr'><strong>Bracarense</strong></span> 
     </span>
     <span class='ocr_line' id='line_1_24' title="bbox 991 1097 1817 1172; baseline 0.002 -18"><span class='ocrx_word' id='word_1_142' title='bbox 991 1097 1152 1154; x_wconf 88' lang='lat' dir='ltr'><strong>concilium</strong></span> <span class='ocrx_word' id='word_1_143' title='bbox 1168 1099 1299 1171; x_wconf 87' lang='lat' dir='ltr'><strong>episcopi</strong></span> <span class='ocrx_word' id='word_1_144' title='bbox 1314 1105 1374 1155; x_wconf 89' lang='lat' dir='ltr'><strong>tam</strong></span> <span class='ocrx_word' id='word_1_145' title='bbox 1390 1099 1426 1155; x_wconf 90' lang='lat' dir='ltr'><strong>de</strong></span> <span class='ocrx_word' id='word_1_146' title='bbox 1442 1099 1566 1156; x_wconf 84' lang='lat' dir='ltr'><strong>lucensi</strong></span> <span class='ocrx_word' id='word_1_147' title='bbox 1582 1116 1672 1172; x_wconf 88' lang='lat' dir='ltr'><strong>quam</strong></span> <span class='ocrx_word' id='word_1_148' title='bbox 1691 1098 1728 1155; x_wconf 89' lang='lat' dir='ltr'><strong>de</strong></span> <span class='ocrx_word' id='word_1_149' title='bbox 1743 1100 1817 1156; x_wconf 87' lang='lat' dir='ltr'><strong>Bru-</strong></span> 
     </span>
     <span class='ocr_line' id='line_1_25' title="bbox 991 1187 1818 1261; baseline 0.004 -19"><span class='ocrx_word' id='word_1_150' title='bbox 991 1187 1105 1242; x_wconf 87' lang='lat' dir='ltr'><strong>carensi</strong></span> <span class='ocrx_word' id='word_1_151' title='bbox 1122 1187 1247 1243; x_wconf 90' lang='lat' dir='ltr'><strong>concilio</strong></span> <span class='ocrx_word' id='word_1_152' title='bbox 1260 1188 1468 1245; x_wconf 87' lang='lat' dir='ltr'><strong>convenissent</strong></span> <span class='ocrx_word' id='word_1_153' title='bbox 1481 1207 1488 1257; x_wconf 92' lang='lat'>;</span> <span class='ocrx_word' id='word_1_154' title='bbox 1506 1188 1557 1244; x_wconf 91' lang='lat' dir='ltr'><strong>sed</strong></span> <span class='ocrx_word' id='word_1_155' title='bbox 1569 1205 1622 1261; x_wconf 88' lang='lat' dir='ltr'><strong>per</strong></span> <span class='ocrx_word' id='word_1_156' title='bbox 1636 1188 1719 1246; x_wconf 89' lang='lat' dir='ltr'><strong>illam</strong></span> <span class='ocrx_word' id='word_1_157' title='bbox 1730 1206 1818 1245; x_wconf 89' lang='lat' dir='ltr'><strong>enor-</strong></span> 
     </span>
     <span class='ocr_line' id='line_1_26' title="bbox 992 1275 1817 1348; baseline 0.006 -19"><span class='ocrx_word' id='word_1_158' title='bbox 992 1275 1137 1344; x_wconf 85' lang='lat' dir='ltr'><strong>mitatem,</strong></span> <span class='ocrx_word' id='word_1_159' title='bbox 1154 1294 1220 1348; x_wconf 84' lang='lat' dir='ltr'><strong>quae</strong></span> <span class='ocrx_word' id='word_1_160' title='bbox 1237 1281 1346 1333; x_wconf 88' lang='lat' dir='ltr'><strong>statuta</strong></span> <span class='ocrx_word' id='word_1_161' title='bbox 1360 1276 1416 1332; x_wconf 89' lang='lat' dir='ltr'><strong>luit</strong></span> <span class='ocrx_word' id='word_1_162' title='bbox 1429 1277 1460 1334; x_wconf 91' lang='lat' dir='ltr'><strong>in</strong></span> <span class='ocrx_word' id='word_1_163' title='bbox 1477 1295 1529 1334; x_wconf 93' lang='lat' dir='ltr'><strong>suo</strong></span> <span class='ocrx_word' id='word_1_164' title='bbox 1545 1278 1669 1334; x_wconf 83' lang='lat' dir='ltr'><strong>lucensi</strong></span> <span class='ocrx_word' id='word_1_165' title='bbox 1681 1278 1817 1348; x_wconf 90' lang='lat' dir='ltr'><strong>concilio,</strong></span> 
     </span>
     <span class='ocr_line' id='line_1_27' title="bbox 990 1364 1818 1439; baseline 0.002 -21"><span class='ocrx_word' id='word_1_166' title='bbox 990 1364 1181 1421; x_wconf 84' lang='lat' dir='ltr'><strong>mandaverat</strong></span> <span class='ocrx_word' id='word_1_167' title='bbox 1194 1381 1246 1421; x_wconf 92' lang='lat' dir='ltr'><strong>rex</strong></span> <span class='ocrx_word' id='word_1_168' title='bbox 1259 1369 1381 1437; x_wconf 90' lang='lat' dir='ltr'><strong>propter</strong></span> <span class='ocrx_word' id='word_1_169' title='bbox 1396 1365 1570 1423; x_wconf 88' lang='lat' dir='ltr'><strong>dilationem</strong></span> <span class='ocrx_word' id='word_1_170' title='bbox 1589 1365 1760 1439; x_wconf 74' lang='lat' dir='ltr'><strong>provincias,</strong></span> <span class='ocrx_word' id='word_1_171' title='bbox 1784 1371 1818 1421; x_wconf 90' lang='lat' dir='ltr'><strong>nt</strong></span> 
     </span>
     <span class='ocr_line' id='line_1_28' title="bbox 990 1452 1818 1530; baseline 0.004 -22"><span class='ocrx_word' id='word_1_172' title='bbox 990 1469 1041 1508; x_wconf 85' lang='lat' dir='ltr'><strong>sex</strong></span> <span class='ocrx_word' id='word_1_173' title='bbox 1052 1452 1277 1526; x_wconf 78' lang='lat' dir='ltr'><strong>episcopatuum</strong></span> <span class='ocrx_word' id='word_1_174' title='bbox 1288 1456 1334 1511; x_wconf 91' lang='lat' dir='ltr'><strong>sui</strong></span> <span class='ocrx_word' id='word_1_175' title='bbox 1343 1457 1425 1530; x_wconf 92' lang='lat' dir='ltr'><strong>regni</strong></span> <span class='ocrx_word' id='word_1_176' title='bbox 1437 1457 1594 1529; x_wconf 83' lang='lat' dir='ltr'><strong>pontifices</strong></span> <span class='ocrx_word' id='word_1_177' title='bbox 1603 1456 1735 1512; x_wconf 84' lang='lat' dir='ltr'><strong>facerent</strong></span> <span class='ocrx_word' id='word_1_178' title='bbox 1745 1472 1818 1512; x_wconf 92' lang='lat' dir='ltr'><strong>con-</strong></span> 
     </span>
     <span class='ocr_line' id='line_1_29' title="bbox 989 1543 1815 1620; baseline 0.002 -20"><span class='ocrx_word' id='word_1_179' title='bbox 989 1543 1091 1600; x_wconf 89' lang='lat' dir='ltr'><strong>cilium</strong></span> <span class='ocrx_word' id='word_1_180' title='bbox 1100 1545 1179 1618; x_wconf 90' lang='lat' dir='ltr'><strong>apud</strong></span> <span class='ocrx_word' id='word_1_181' title='bbox 1190 1547 1310 1615; x_wconf 90' lang='lat' dir='ltr'><strong>Lucum,</strong></span> <span class='ocrx_word' id='word_1_182' title='bbox 1327 1552 1357 1603; x_wconf 86' lang='lat' dir='ltr'><strong>et</strong></span> <span class='ocrx_word' id='word_1_183' title='bbox 1371 1564 1423 1603; x_wconf 87' lang='lat' dir='ltr'><strong>sex</strong></span> <span class='ocrx_word' id='word_1_184' title='bbox 1440 1547 1490 1602; x_wconf 88' lang='lat' dir='ltr'><strong>alii</strong></span> <span class='ocrx_word' id='word_1_185' title='bbox 1506 1547 1585 1620; x_wconf 87' lang='lat' dir='ltr'><strong>apud</strong></span> <span class='ocrx_word' id='word_1_186' title='bbox 1601 1549 1769 1604; x_wconf 84' lang='lat' dir='ltr'><strong>Bracarum.</strong></span> <span class='ocrx_word' id='word_1_187' title='bbox 1779 1548 1815 1602; x_wconf 87' lang='lat' dir='ltr'><strong>Et</strong></span> 
     </span>
     <span class='ocr_line' id='line_1_30' title="bbox 988 1632 1814 1694; baseline 0.004 -6"><span class='ocrx_word' id='word_1_188' title='bbox 988 1632 1055 1689; x_wconf 92' lang='lat' dir='ltr'><strong>ideo</strong></span> <span class='ocrx_word' id='word_1_189' title='bbox 1072 1633 1248 1690; x_wconf 81' lang='lat' dir='ltr'><strong>dicebantur</strong></span> <span class='ocrx_word' id='word_1_190' title='bbox 1265 1653 1316 1692; x_wconf 92' lang='lat' dir='ltr'><strong>sex</strong></span> <span class='ocrx_word' id='word_1_191' title='bbox 1331 1635 1368 1691; x_wconf 87' lang='lat' dir='ltr'><strong>ad</strong></span> <span class='ocrx_word' id='word_1_192' title='bbox 1383 1654 1476 1692; x_wconf 91' lang='lat' dir='ltr'><strong>unum</strong></span> <span class='ocrx_word' id='word_1_193' title='bbox 1491 1637 1651 1694; x_wconf 90' lang='lat' dir='ltr'><strong>concilium</strong></span> <span class='ocrx_word' id='word_1_194' title='bbox 1666 1641 1696 1692; x_wconf 86' lang='lat' dir='ltr'><strong>et</strong></span> <span class='ocrx_word' id='word_1_195' title='bbox 1710 1653 1761 1692; x_wconf 89' lang='lat' dir='ltr'><strong>sex</strong></span> <span class='ocrx_word' id='word_1_196' title='bbox 1776 1635 1814 1692; x_wconf 87' lang='lat' dir='ltr'><strong>ad</strong></span> 
     </span>
    </p>
   </div>
   <div class='ocr_carea' id='block_1_7' title="bbox 108 1721 1816 1889">
    <p class='ocr_par' dir='ltr' id='par_1_7' title="bbox 108 1721 1816 1889">
     <span class='ocr_line' id='line_1_31' title="bbox 108 1721 1816 1798; baseline 0.002 -21"><span class='ocrx_word' id='word_1_197' title='bbox 108 1738 186 1791; x_wconf 86' lang='lat' dir='ltr'><strong>rere,</strong></span> <span class='ocrx_word' id='word_1_198' title='bbox 201 1739 327 1797; x_wconf 92' lang='lat' dir='ltr'><strong>quorum</strong></span> <span class='ocrx_word' id='word_1_199' title='bbox 343 1725 450 1781; x_wconf 88' lang='lat' dir='ltr'><strong>veritas</strong></span> <span class='ocrx_word' id='word_1_200' title='bbox 472 1730 587 1781; x_wconf 90' lang='lat' dir='ltr'><strong>constat</strong></span> <span class='ocrx_word' id='word_1_201' title='bbox 602 1741 637 1780; x_wconf 87' lang='lat' dir='ltr'><strong>ex</strong></span> <span class='ocrx_word' id='word_1_202' title='bbox 659 1723 829 1797; x_wconf 76' lang='lat' dir='ltr'><strong>apostolice</strong></span> <span class='ocrx_word' id='word_1_203' title='bbox 855 1721 935 1777; x_wconf 84' lang='lat' dir='ltr'><strong>sedis</strong></span> <span class='ocrx_word' id='word_1_204' title='bbox 988 1721 1069 1777; x_wconf 89' lang='lat' dir='ltr'><strong>aliud</strong></span> <span class='ocrx_word' id='word_1_205' title='bbox 1081 1723 1229 1795; x_wconf 88' lang='lat' dir='ltr'><strong>pertinere</strong></span> <span class='ocrx_word' id='word_1_206' title='bbox 1242 1724 1317 1781; x_wconf 91' lang='lat' dir='ltr'><strong>etde</strong></span> <span class='ocrx_word' id='word_1_207' title='bbox 1332 1730 1459 1798; x_wconf 89' lang='lat' dir='ltr'><strong>utroque</strong></span> <span class='ocrx_word' id='word_1_208' title='bbox 1474 1725 1600 1782; x_wconf 91' lang='lat' dir='ltr'><strong>concilio</strong></span> <span class='ocrx_word' id='word_1_209' title='bbox 1615 1725 1693 1798; x_wconf 89' lang='lat' dir='ltr'><strong>apud</strong></span> <span class='ocrx_word' id='word_1_210' title='bbox 1708 1725 1816 1782; x_wconf 86' lang='lat' dir='ltr'><strong>Braca-</strong></span> 
     </span>
     <span class='ocr_line' id='line_1_32' title="bbox 109 1812 1816 1889; baseline 0.001 -22"><span class='ocrx_word' id='word_1_211' title='bbox 109 1812 258 1881; x_wconf 90' lang='lat' dir='ltr'><strong>archiviis,</strong></span> <span class='ocrx_word' id='word_1_212' title='bbox 274 1813 306 1868; x_wconf 94' lang='lat' dir='ltr'><strong>in</strong></span> <span class='ocrx_word' id='word_1_213' title='bbox 321 1814 405 1886; x_wconf 85' lang='lat' dir='ltr'><strong>cujus</strong></span> <span class='ocrx_word' id='word_1_214' title='bbox 427 1815 551 1888; x_wconf 79' lang='lat' dir='ltr'><strong>regestis</strong></span> <span class='ocrx_word' id='word_1_215' title='bbox 574 1814 703 1870; x_wconf 78' lang='lat' dir='ltr'><strong>fideliter</strong></span> <span class='ocrx_word' id='word_1_216' title='bbox 718 1813 929 1869; x_wconf 89' lang='lat' dir='ltr'><strong>continentur:</strong></span> <span class='ocrx_word' id='word_1_217' title='bbox 989 1827 1064 1880; x_wconf 89' lang='lat' dir='ltr'><strong>ram,</strong></span> <span class='ocrx_word' id='word_1_218' title='bbox 1082 1813 1166 1883; x_wconf 89' lang='lat' dir='ltr'><strong>quasi</strong></span> <span class='ocrx_word' id='word_1_219' title='bbox 1181 1812 1218 1870; x_wconf 89' lang='lat' dir='ltr'><strong>de</strong></span> <span class='ocrx_word' id='word_1_220' title='bbox 1241 1819 1367 1886; x_wconf 92' lang='lat' dir='ltr'><strong>utraque</strong></span> <span class='ocrx_word' id='word_1_221' title='bbox 1387 1815 1506 1871; x_wconf 88' lang='lat' dir='ltr'><strong>concilii</strong></span> <span class='ocrx_word' id='word_1_222' title='bbox 1531 1815 1742 1889; x_wconf 83' lang='lat' dir='ltr'><strong>assignatione,</strong></span> <span class='ocrx_word' id='word_1_223' title='bbox 1765 1829 1816 1869; x_wconf 82' lang='lat' dir='ltr'><strong>re-</strong></span> 
     </span>
    </p>
   </div>
   <div class='ocr_carea' id='block_1_8' title="bbox 96 1899 1817 4030">
    <p class='ocr_par' dir='ltr' id='par_1_8' title="bbox 96 1899 1817 4030">
     <span class='ocr_line' id='line_1_33' title="bbox 109 1899 1814 1978; baseline 0.001 -22"><span class='ocrx_word' id='word_1_224' title='bbox 109 1917 176 1972; x_wconf 76' lang='lat' dir='ltr'><strong>quae</strong></span> <span class='ocrx_word' id='word_1_225' title='bbox 186 1901 414 1974; x_wconf 81' lang='lat' dir='ltr'><strong>adrersmpartis</strong></span> <span class='ocrx_word' id='word_1_226' title='bbox 426 1904 586 1978; x_wconf 78' lang='lat' dir='ltr'><strong>privilegiis</strong></span> <span class='ocrx_word' id='word_1_227' title='bbox 596 1909 776 1976; x_wconf 89' lang='lat' dir='ltr'><strong>comparata,</strong></span> <span class='ocrx_word' id='word_1_228' title='bbox 788 1907 869 1958; x_wconf 90' lang='lat' dir='ltr'><strong>certa</strong></span> <span class='ocrx_word' id='word_1_229' title='bbox 879 1899 931 1956; x_wconf 91' lang='lat' dir='ltr'><strong>de·</strong></span> <span class='ocrx_word' id='word_1_230' title='bbox 987 1901 1077 1957; x_wconf 86' lang='lat' dir='ltr'><strong>nisse.</strong></span> <span class='ocrx_word' id='word_1_231' title='bbox 1092 1901 1263 1974; x_wconf 89' lang='lat' dir='ltr'><strong>Cujnsmodi</strong></span> <span class='ocrx_word' id='word_1_232' title='bbox 1280 1903 1528 1974; x_wconf 84' lang='lat' dir='ltr'><strong>significationem</strong></span> <span class='ocrx_word' id='word_1_233' title='bbox 1552 1903 1684 1961; x_wconf 90' lang='lat' dir='ltr'><strong>nominis</strong></span> <span class='ocrx_word' id='word_1_234' title='bbox 1706 1918 1814 1976; x_wconf 89' lang='lat' dir='ltr'><strong>appro-</strong></span> 
     </span>
     <span class='ocr_line' id='line_1_34' title="bbox 107 1989 1816 2065; baseline 0.001 -19"><span class='ocrx_word' id='word_1_235' title='bbox 107 1989 180 2046; x_wconf 91' lang='lat' dir='ltr'><strong>bent</strong></span> <span class='ocrx_word' id='word_1_236' title='bbox 193 1991 308 2047; x_wconf 87' lang='lat' dir='ltr'><strong>ratione</strong></span> <span class='ocrx_word' id='word_1_237' title='bbox 318 1992 450 2063; x_wconf 80' lang='lat' dir='ltr'><strong>prmlerri</strong></span> <span class='ocrx_word' id='word_1_238' title='bbox 466 2011 472 2061; x_wconf 94' lang='grc'><strong>;</strong></span> <span class='ocrx_word' id='word_1_239' title='bbox 490 1994 560 2065; x_wconf 91' lang='lat' dir='ltr'><strong>quia</strong></span> <span class='ocrx_word' id='word_1_240' title='bbox 572 1999 622 2050; x_wconf 89' lang='lat' dir='ltr'><strong>tua</strong></span> <span class='ocrx_word' id='word_1_241' title='bbox 635 1997 705 2050; x_wconf 91' lang='lat' dir='ltr'><strong>sunt</strong></span> <span class='ocrx_word' id='word_1_242' title='bbox 715 1989 932 2065; x_wconf 87' lang='lat' dir='ltr'><strong>privilegiado·</strong></span> <span class='ocrx_word' id='word_1_243' title='bbox 984 1989 1049 2046; x_wconf 91' lang='lat' dir='ltr'><strong>bari</strong></span> <span class='ocrx_word' id='word_1_244' title='bbox 1064 1990 1183 2047; x_wconf 89' lang='lat' dir='ltr'><strong>dicebas</strong></span> <span class='ocrx_word' id='word_1_245' title='bbox 1199 2008 1234 2047; x_wconf 88' lang='lat' dir='ltr'><strong>ex</strong></span> <span class='ocrx_word' id='word_1_246' title='bbox 1250 1992 1376 2064; x_wconf 88' lang='lat' dir='ltr'><strong>epistola</strong></span> <span class='ocrx_word' id='word_1_247' title='bbox 1391 2010 1481 2065; x_wconf 90' lang='lat' dir='ltr'><strong>quam</strong></span> <span class='ocrx_word' id='word_1_248' title='bbox 1497 1993 1640 2050; x_wconf 86' lang='lat' dir='ltr'><strong>Martinus</strong></span> <span class='ocrx_word' id='word_1_249' title='bbox 1651 1994 1816 2048; x_wconf 86' lang='lat' dir='ltr'><strong>Bracaren-</strong></span> 
     </span>
     <span class='ocr_line' id='line_1_35' title="bbox 107 2079 1814 2154; baseline 0 -18"><span class='ocrx_word' id='word_1_250' title='bbox 107 2079 238 2138; x_wconf 89' lang='lat' dir='ltr'><strong>nationis</strong></span> <span class='ocrx_word' id='word_1_251' title='bbox 249 2086 328 2137; x_wconf 88' lang='lat' dir='ltr'><strong>certa</strong></span> <span class='ocrx_word' id='word_1_252' title='bbox 339 2087 369 2137; x_wconf 90' lang='lat' dir='ltr'><strong>et</strong></span> <span class='ocrx_word' id='word_1_253' title='bbox 380 2081 516 2140; x_wconf 87' lang='lat' dir='ltr'><strong>absoluta</strong></span> <span class='ocrx_word' id='word_1_254' title='bbox 529 2101 535 2150; x_wconf 91' lang='lat'>;</span> <span class='ocrx_word' id='word_1_255' title='bbox 552 2100 606 2139; x_wconf 89' lang='lat' dir='ltr'><strong>sua</strong></span> <span class='ocrx_word' id='word_1_256' title='bbox 617 2099 685 2139; x_wconf 89' lang='lat' dir='ltr'><strong>vero</strong></span> <span class='ocrx_word' id='word_1_257' title='bbox 697 2087 767 2138; x_wconf 89' lang='lat' dir='ltr'><strong>sunt</strong></span> <span class='ocrx_word' id='word_1_258' title='bbox 779 2080 932 2154; x_wconf 84' lang='lat' dir='ltr'><strong>privilegia</strong></span> <span class='ocrx_word' id='word_1_259' title='bbox 985 2079 1026 2135; x_wconf 90' lang='lat' dir='ltr'><strong>sis</strong></span> <span class='ocrx_word' id='word_1_260' title='bbox 1041 2079 1283 2154; x_wconf 88' lang='lat' dir='ltr'><strong>archiepiscopus</strong></span> <span class='ocrx_word' id='word_1_261' title='bbox 1299 2098 1335 2137; x_wconf 87' lang='lat' dir='ltr'><strong>cx</strong></span> <span class='ocrx_word' id='word_1_262' title='bbox 1352 2087 1432 2140; x_wconf 88' lang='lat' dir='ltr'><strong>certa</strong></span> <span class='ocrx_word' id='word_1_263' title='bbox 1448 2083 1574 2139; x_wconf 90' lang='lat' dir='ltr'><strong>scientia</strong></span> <span class='ocrx_word' id='word_1_264' title='bbox 1584 2081 1684 2154; x_wconf 88' lang='lat' dir='ltr'><strong>dirigit</strong></span> <span class='ocrx_word' id='word_1_265' title='bbox 1696 2079 1734 2137; x_wconf 87' lang='lat' dir='ltr'><strong>ad</strong></span> <span class='ocrx_word' id='word_1_266' title='bbox 1749 2079 1814 2153; x_wconf 89' lang='lat' dir='ltr'><strong>epi-</strong></span> 
     </span>
     <span class='ocr_line' id='line_1_36' title="bbox 107 2168 1813 2245; baseline -0.001 -19"><span class='ocrx_word' id='word_1_267' title='bbox 107 2169 343 2227; x_wconf 82' lang='lat' dir='ltr'><strong>confirmationis</strong></span> <span class='ocrx_word' id='word_1_268' title='bbox 359 2188 411 2227; x_wconf 90' lang='lat' dir='ltr'><strong>seu</strong></span> <span class='ocrx_word' id='word_1_269' title='bbox 425 2171 697 2245; x_wconf 88' lang='lat' dir='ltr'><strong>redintegrationis,</strong></span> <span class='ocrx_word' id='word_1_270' title='bbox 718 2168 932 2226; x_wconf 87' lang='lat' dir='ltr'><strong>conditionalia</strong></span> <span class='ocrx_word' id='word_1_271' title='bbox 986 2185 1091 2241; x_wconf 88' lang='lat' dir='ltr'><strong>scopos</strong></span> <span class='ocrx_word' id='word_1_272' title='bbox 1106 2170 1246 2226; x_wconf 86' lang='lat' dir='ltr'><strong>Lucensis</strong></span> <span class='ocrx_word' id='word_1_273' title='bbox 1266 2169 1395 2241; x_wconf 90' lang='lat' dir='ltr'><strong>concilii,</strong></span> <span class='ocrx_word' id='word_1_274' title='bbox 1409 2188 1470 2228; x_wconf 87' lang='lat' dir='ltr'><strong>noa</strong></span> <span class='ocrx_word' id='word_1_275' title='bbox 1485 2171 1566 2244; x_wconf 92' lang='lat' dir='ltr'><strong>quod</strong></span> <span class='ocrx_word' id='word_1_276' title='bbox 1581 2174 1651 2228; x_wconf 88' lang='lat' dir='ltr'><strong>tunc</strong></span> <span class='ocrx_word' id='word_1_277' title='bbox 1677 2169 1813 2226; x_wconf 88' lang='lat' dir='ltr'><strong>celebra·</strong></span> 
     </span>
     <span class='ocr_line' id='line_1_37' title="bbox 107 2257 1812 2335; baseline -0.002 -19"><span class='ocrx_word' id='word_1_278' title='bbox 107 2265 224 2317; x_wconf 88' lang='lat' dir='ltr'><strong>tantum</strong></span> <span class='ocrx_word' id='word_1_279' title='bbox 239 2265 268 2316; x_wconf 87' lang='lat' dir='ltr'><strong>et</strong></span> <span class='ocrx_word' id='word_1_280' title='bbox 280 2262 452 2334; x_wconf 82' lang='lat' dir='ltr'><strong>respectiva.</strong></span> <span class='ocrx_word' id='word_1_281' title='bbox 464 2261 687 2335; x_wconf 81' lang='lat' dir='ltr'><strong>Neroportebat</strong></span> <span class='ocrx_word' id='word_1_282' title='bbox 702 2261 732 2316; x_wconf 91' lang='lat' dir='ltr'><strong>in</strong></span> <span class='ocrx_word' id='word_1_283' title='bbox 745 2262 802 2316; x_wconf 89' lang='lat' dir='ltr'><strong>tuis</strong></span> <span class='ocrx_word' id='word_1_284' title='bbox 813 2259 931 2333; x_wconf 80' lang='lat' dir='ltr'><strong>privile·</strong></span> <span class='ocrx_word' id='word_1_285' title='bbox 985 2262 1068 2313; x_wconf 90' lang='lat' dir='ltr'><strong>retur</strong></span> <span class='ocrx_word' id='word_1_286' title='bbox 1082 2257 1122 2314; x_wconf 92' lang='lat' dir='ltr'><strong>ibi</strong></span> <span class='ocrx_word' id='word_1_287' title='bbox 1139 2259 1169 2314; x_wconf 93' lang='lat' dir='ltr'><strong>id</strong></span> <span class='ocrx_word' id='word_1_288' title='bbox 1185 2259 1356 2329; x_wconf 92' lang='lat' dir='ltr'><strong>concilium,</strong></span> <span class='ocrx_word' id='word_1_289' title='bbox 1374 2277 1441 2317; x_wconf 92' lang='lat' dir='ltr'><strong>cum</strong></span> <span class='ocrx_word' id='word_1_290' title='bbox 1470 2261 1549 2316; x_wconf 92' lang='lat' dir='ltr'><strong>idem</strong></span> <span class='ocrx_word' id='word_1_291' title='bbox 1579 2261 1615 2316; x_wconf 88' lang='lat' dir='ltr'><strong>ll.</strong></span> <span class='ocrx_word' id='word_1_292' title='bbox 1639 2259 1753 2332; x_wconf 85' lang='lat' dir='ltr'><strong>legatur</strong></span> <span class='ocrx_word' id='word_1_293' title='bbox 1767 2257 1812 2313; x_wconf 93' lang='lat' dir='ltr'><strong>illi</strong></span> 
     </span>
     <span class='ocr_line' id='line_1_38' title="bbox 106 2347 1817 2424; baseline -0.001 -20"><span class='ocrx_word' id='word_1_294' title='bbox 106 2349 163 2424; x_wconf 85' lang='lat' dir='ltr'><strong>giis</strong></span> <span class='ocrx_word' id='word_1_295' title='bbox 176 2351 240 2406; x_wconf 92' lang='lat' dir='ltr'><strong>lleri</strong></span> <span class='ocrx_word' id='word_1_296' title='bbox 250 2351 560 2407; x_wconf 88' lang='lat' dir='ltr'><strong>mentionemsuorum</strong></span> <span class='ocrx_word' id='word_1_297' title='bbox 574 2348 932 2424; x_wconf 68' lang='lat' dir='ltr'><strong>praecedentiumquibus</strong></span> <span class='ocrx_word' id='word_1_298' title='bbox 986 2347 1113 2403; x_wconf 87' lang='lat' dir='ltr'><strong>concilio</strong></span> <span class='ocrx_word' id='word_1_299' title='bbox 1129 2349 1261 2417; x_wconf 88' lang='lat' dir='ltr'><strong>alluisse,</strong></span> <span class='ocrx_word' id='word_1_300' title='bbox 1284 2347 1336 2404; x_wconf 91' lang='lat' dir='ltr'><strong>sed</strong></span> <span class='ocrx_word' id='word_1_301' title='bbox 1351 2348 1388 2405; x_wconf 89' lang='lat' dir='ltr'><strong>ad</strong></span> <span class='ocrx_word' id='word_1_302' title='bbox 1402 2349 1556 2422; x_wconf 87' lang='lat' dir='ltr'><strong>episcopos</strong></span> <span class='ocrx_word' id='word_1_303' title='bbox 1572 2347 1817 2420; x_wconf 90' lang='lat' dir='ltr'><strong>quitenebantur</strong></span> 
     </span>
     <span class='ocr_line' id='line_1_39' title="bbox 109 2431 1815 2514; baseline -0.001 -19"><span class='ocrx_word' id='word_1_304' title='bbox 109 2441 186 2496; x_wconf 90' lang='lat' dir='ltr'><strong>nihil</strong></span> <span class='ocrx_word' id='word_1_305' title='bbox 197 2441 276 2514; x_wconf 87' lang='lat' dir='ltr'><strong>juris</strong></span> <span class='ocrx_word' id='word_1_306' title='bbox 287 2441 497 2513; x_wconf 88' lang='lat' dir='ltr'><strong>acquirebatur</strong></span> <span class='ocrx_word' id='word_1_307' title='bbox 507 2441 586 2513; x_wconf 92' lang='lat' dir='ltr'><strong>quod</strong></span> <span class='ocrx_word' id='word_1_308' title='bbox 597 2441 661 2496; x_wconf 89' lang='lat' dir='ltr'><strong>istis</strong></span> <span class='ocrx_word' id='word_1_309' title='bbox 672 2439 931 2512; x_wconf 86' lang='lat' dir='ltr'><strong>possetobsistcre‚</strong></span> <span class='ocrx_word' id='word_1_310' title='bbox 987 2451 1023 2491; x_wconf 86' lang='lat' dir='ltr'><strong>ex</strong></span> <span class='ocrx_word' id='word_1_311' title='bbox 1037 2437 1178 2508; x_wconf 79' lang='lat' dir='ltr'><strong>praedicto</strong></span> <span class='ocrx_word' id='word_1_312' title='bbox 1193 2437 1271 2510; x_wconf 90' lang='lat' dir='ltr'><strong>regis</strong></span> <span class='ocrx_word' id='word_1_313' title='bbox 1285 2431 1426 2494; x_wconf 88' lang='lat' dir='ltr'><strong>mandato</strong></span> <span class='ocrx_word' id='word_1_314' title='bbox 1446 2436 1630 2510; x_wconf 86' lang='lat' dir='ltr'><strong>temporibus</strong></span> <span class='ocrx_word' id='word_1_315' title='bbox 1655 2435 1717 2494; x_wconf 89' lang='lat' dir='ltr'><strong>suis</strong></span> <span class='ocrx_word' id='word_1_316' title='bbox 1743 2435 1815 2493; x_wconf 88' lang='lat' dir='ltr'><strong>illuc</strong></span> 
     </span>
     <span class='ocr_line' id='line_1_40' title="bbox 108 2522 1815 2600; baseline -0.002 -16"><span class='ocrx_word' id='word_1_317' title='bbox 108 2533 227 2584; x_wconf 88' lang='lat' dir='ltr'><strong>cumei</strong></span> <span class='ocrx_word' id='word_1_318' title='bbox 250 2528 324 2584; x_wconf 85' lang='lat' dir='ltr'><strong>alias</strong></span> <span class='ocrx_word' id='word_1_319' title='bbox 346 2529 460 2584; x_wconf 90' lang='lat' dir='ltr'><strong>nullius</strong></span> <span class='ocrx_word' id='word_1_320' title='bbox 481 2528 620 2584; x_wconf 89' lang='lat' dir='ltr'><strong>debeant</strong></span> <span class='ocrx_word' id='word_1_321' title='bbox 641 2528 772 2600; x_wconf 85' lang='lat' dir='ltr'><strong>reputari</strong></span> <span class='ocrx_word' id='word_1_322' title='bbox 791 2525 934 2581; x_wconf 90' lang='lat' dir='ltr'><strong>momenti</strong></span> <span class='ocrx_word' id='word_1_323' title='bbox 987 2522 1024 2580; x_wconf 86' lang='lat' dir='ltr'><strong>ad</strong></span> <span class='ocrx_word' id='word_1_324' title='bbox 1040 2525 1200 2581; x_wconf 91' lang='lat' dir='ltr'><strong>concilium</strong></span> <span class='ocrx_word' id='word_1_325' title='bbox 1228 2527 1398 2582; x_wconf 89' lang='lat' dir='ltr'><strong>convenire.</strong></span> <span class='ocrx_word' id='word_1_326' title='bbox 1423 2527 1610 2582; x_wconf 84' lang='lat' dir='ltr'><strong>Emeritense</strong></span> <span class='ocrx_word' id='word_1_327' title='bbox 1633 2541 1701 2580; x_wconf 87' lang='lat' dir='ltr'><strong>vero</strong></span> <span class='ocrx_word' id='word_1_328' title='bbox 1717 2525 1815 2581; x_wconf 88' lang='lat' dir='ltr'><strong>conoi-</strong></span> 
     </span>
     <span class='ocr_line' id='line_1_41' title="bbox 107 2611 1816 2689; baseline -0.002 -17"><span class='ocrx_word' id='word_1_329' title='bbox 107 2619 180 2674; x_wconf 86' lang='lat' dir='ltr'><strong>Nam</strong></span> <span class='ocrx_word' id='word_1_330' title='bbox 190 2617 436 2688; x_wconf 88' lang='lat' dir='ltr'><strong>interscripturas</strong></span> <span class='ocrx_word' id='word_1_331' title='bbox 450 2633 515 2687; x_wconf 80' lang='lat' dir='ltr'><strong>qum</strong></span> <span class='ocrx_word' id='word_1_332' title='bbox 525 2616 684 2689; x_wconf 87' lang='lat' dir='ltr'><strong>parilitatis</strong></span> <span class='ocrx_word' id='word_1_333' title='bbox 694 2613 808 2686; x_wconf 91' lang='lat' dir='ltr'><strong>aliquid</strong></span> <span class='ocrx_word' id='word_1_334' title='bbox 819 2613 928 2670; x_wconf 90' lang='lat' dir='ltr'><strong>habere</strong></span> <span class='ocrx_word' id='word_1_335' title='bbox 986 2611 1060 2667; x_wconf 93' lang='lat' dir='ltr'><strong>lium</strong></span> <span class='ocrx_word' id='word_1_336' title='bbox 1076 2614 1280 2669; x_wconf 89' lang='lat' dir='ltr'><strong>authenticum</strong></span> <span class='ocrx_word' id='word_1_337' title='bbox 1296 2630 1361 2670; x_wconf 90' lang='lat' dir='ltr'><strong>esse</strong></span> <span class='ocrx_word' id='word_1_338' title='bbox 1384 2613 1486 2670; x_wconf 90' lang='lat' dir='ltr'><strong>multis</strong></span> <span class='ocrx_word' id='word_1_339' title='bbox 1509 2613 1675 2669; x_wconf 91' lang='lat' dir='ltr'><strong>rationibus</strong></span> <span class='ocrx_word' id='word_1_340' title='bbox 1700 2618 1816 2670; x_wconf 88' lang='lat' dir='ltr'><strong>astrue-</strong></span> 
     </span>
     <span class='ocr_line' id='line_1_42' title="bbox 105 2701 1816 2774; baseline -0.002 -14"><span class='ocrx_word' id='word_1_341' title='bbox 105 2705 370 2773; x_wconf 82' lang='lat' dir='ltr'><strong>uidentur,scilicet</strong></span> <span class='ocrx_word' id='word_1_342' title='bbox 385 2705 416 2760; x_wconf 94' lang='lat' dir='ltr'><strong>in</strong></span> <span class='ocrx_word' id='word_1_343' title='bbox 430 2704 539 2761; x_wconf 90' lang='lat' dir='ltr'><strong>litteris</strong></span> <span class='ocrx_word' id='word_1_344' title='bbox 550 2703 934 2772; x_wconf 79' lang='lat' dir='ltr'><strong>commissoriis‚inuenitur</strong></span> <span class='ocrx_word' id='word_1_345' title='bbox 986 2701 1055 2756; x_wconf 85' lang='lat' dir='ltr'><strong>bas:</strong></span> <span class='ocrx_word' id='word_1_346' title='bbox 1072 2706 1136 2757; x_wconf 91' lang='lat' dir='ltr'><strong>tum</strong></span> <span class='ocrx_word' id='word_1_347' title='bbox 1150 2703 1301 2774; x_wconf 86' lang='lat' dir='ltr'><strong>quiscum</strong></span> <span class='ocrx_word' id='word_1_348' title='bbox 1316 2701 1383 2760; x_wconf 90' lang='lat' dir='ltr'><strong>aliis</strong></span> <span class='ocrx_word' id='word_1_349' title='bbox 1398 2702 1534 2759; x_wconf 90' lang='lat' dir='ltr'><strong>conciliis</strong></span> <span class='ocrx_word' id='word_1_350' title='bbox 1550 2703 1719 2758; x_wconf 86' lang='lat' dir='ltr'><strong>continetur</strong></span> <span class='ocrx_word' id='word_1_351' title='bbox 1732 2702 1762 2758; x_wconf 90' lang='lat' dir='ltr'><strong>in</strong></span> <span class='ocrx_word' id='word_1_352' title='bbox 1777 2701 1816 2757; x_wconf 91' lang='lat' dir='ltr'><strong>li-</strong></span> 
     </span>
     <span class='ocr_line' id='line_1_43' title="bbox 106 2788 1813 2866; baseline -0.002 -16"><span class='ocrx_word' id='word_1_353' title='bbox 106 2795 164 2850; x_wconf 94' lang='lat' dir='ltr'><strong>hoc</strong></span> <span class='ocrx_word' id='word_1_354' title='bbox 180 2793 329 2850; x_wconf 82' lang='lat' dir='ltr'><strong>observari</strong></span> <span class='ocrx_word' id='word_1_355' title='bbox 363 2793 531 2850; x_wconf 86' lang='lat' dir='ltr'><strong>Secundum</strong></span> <span class='ocrx_word' id='word_1_356' title='bbox 552 2810 622 2850; x_wconf 80' lang='lat' dir='ltr'><strong>uero</strong></span> <span class='ocrx_word' id='word_1_357' title='bbox 637 2795 816 2849; x_wconf 88' lang='lat' dir='ltr'><strong>Bracarense</strong></span> <span class='ocrx_word' id='word_1_358' title='bbox 831 2791 933 2848; x_wconf 83' lang='lat' dir='ltr'><strong>conci·</strong></span> <span class='ocrx_word' id='word_1_359' title='bbox 985 2788 1039 2847; x_wconf 89' lang='lat' dir='ltr'><strong>bro</strong></span> <span class='ocrx_word' id='word_1_360' title='bbox 1055 2791 1105 2863; x_wconf 91' lang='lat' dir='ltr'><strong>qui</strong></span> <span class='ocrx_word' id='word_1_361' title='bbox 1121 2793 1224 2863; x_wconf 78' lang='lat' dir='ltr'><strong>Corpus</strong></span> <span class='ocrx_word' id='word_1_362' title='bbox 1239 2809 1374 2848; x_wconf 81' lang='lat' dir='ltr'><strong>concnam</strong></span> <span class='ocrx_word' id='word_1_363' title='bbox 1389 2791 1567 2865; x_wconf 88' lang='lat' dir='ltr'><strong>appellatur,</strong></span> <span class='ocrx_word' id='word_1_364' title='bbox 1583 2809 1672 2866; x_wconf 90' lang='lat' dir='ltr'><strong>quem</strong></span> <span class='ocrx_word' id='word_1_365' title='bbox 1688 2791 1813 2848; x_wconf 77' lang='lat' dir='ltr'><strong>Alexan·</strong></span> 
     </span>
     <span class='ocr_line' id='line_1_44' title="bbox 107 2879 1816 2955; baseline -0.001 -16"><span class='ocrx_word' id='word_1_366' title='bbox 107 2883 194 2950; x_wconf 91' lang='lat' dir='ltr'><strong>lium,</strong></span> <span class='ocrx_word' id='word_1_367' title='bbox 210 2881 291 2954; x_wconf 88' lang='lat' dir='ltr'><strong>quod</strong></span> <span class='ocrx_word' id='word_1_368' title='bbox 306 2884 336 2939; x_wconf 93' lang='lat' dir='ltr'><strong>in</strong></span> <span class='ocrx_word' id='word_1_369' title='bbox 350 2883 507 2955; x_wconf 83' lang='lat' dir='ltr'><strong>superficie</strong></span> <span class='ocrx_word' id='word_1_370' title='bbox 522 2888 638 2939; x_wconf 78' lang='lat' dir='ltr'><strong>tantum</strong></span> <span class='ocrx_word' id='word_1_371' title='bbox 654 2882 773 2939; x_wconf 89' lang='lat' dir='ltr'><strong>dicebas</strong></span> <span class='ocrx_word' id='word_1_372' title='bbox 782 2881 835 2937; x_wconf 90' lang='lat' dir='ltr'><strong>tibi</strong></span> <span class='ocrx_word' id='word_1_373' title='bbox 846 2897 932 2954; x_wconf 89' lang='lat' dir='ltr'><strong>posse</strong></span> <span class='ocrx_word' id='word_1_374' title='bbox 986 2879 1123 2954; x_wconf 85' lang='lat' dir='ltr'><strong>derpapa</strong></span> <span class='ocrx_word' id='word_1_375' title='bbox 1131 2879 1816 2955; x_wconf 86' lang='lat' dir='ltr'><strong>perinterlocutionemauthenticumapproba·</strong></span> 
     </span>
     <span class='ocr_line' id='line_1_45' title="bbox 106 2969 1812 3047; baseline -0.001 -18"><span class='ocrx_word' id='word_1_376' title='bbox 106 2972 295 3044; x_wconf 86' lang='lat' dir='ltr'><strong>aliquatenus</strong></span> <span class='ocrx_word' id='word_1_377' title='bbox 307 2972 435 3041; x_wconf 83' lang='lat' dir='ltr'><strong>obviare,</strong></span> <span class='ocrx_word' id='word_1_378' title='bbox 447 2969 932 3028; x_wconf 87' lang='lat' dir='ltr'><strong>lldeliterintellectumasserebas</strong></span> <span class='ocrx_word' id='word_1_379' title='bbox 985 2971 1043 3027; x_wconf 86' lang='lat' dir='ltr'><strong>vit:</strong></span> <span class='ocrx_word' id='word_1_380' title='bbox 1062 2978 1125 3029; x_wconf 90' lang='lat' dir='ltr'><strong>tum</strong></span> <span class='ocrx_word' id='word_1_381' title='bbox 1141 2973 1262 3046; x_wconf 87' lang='lat' dir='ltr'><strong>quiade</strong></span> <span class='ocrx_word' id='word_1_382' title='bbox 1286 2973 1350 3046; x_wconf 88' lang='lat' dir='ltr'><strong>ipso</strong></span> <span class='ocrx_word' id='word_1_383' title='bbox 1366 2973 1493 3030; x_wconf 89' lang='lat' dir='ltr'><strong>concilio</strong></span> <span class='ocrx_word' id='word_1_384' title='bbox 1510 2979 1663 3047; x_wconf 89' lang='lat' dir='ltr'><strong>sumptum</strong></span> <span class='ocrx_word' id='word_1_385' title='bbox 1678 2978 1723 3030; x_wconf 88' lang='lat' dir='ltr'><strong>est</strong></span> <span class='ocrx_word' id='word_1_386' title='bbox 1737 2971 1812 3029; x_wconf 92' lang='lat' dir='ltr'><strong>illud</strong></span> 
     </span>
     <span class='ocr_line' id='line_1_46' title="bbox 106 3059 1812 3136; baseline 0.001 -19"><span class='ocrx_word' id='word_1_387' title='bbox 106 3061 160 3117; x_wconf 90' lang='lat' dir='ltr'><strong>tibi</strong></span> <span class='ocrx_word' id='word_1_388' title='bbox 181 3077 370 3134; x_wconf 90' lang='lat' dir='ltr'><strong>nequaquam</strong></span> <span class='ocrx_word' id='word_1_389' title='bbox 394 3062 549 3130; x_wconf 89' lang='lat' dir='ltr'><strong>obsistere,</strong></span> <span class='ocrx_word' id='word_1_390' title='bbox 574 3078 641 3118; x_wconf 92' lang='lat' dir='ltr'><strong>cum</strong></span> <span class='ocrx_word' id='word_1_391' title='bbox 654 3060 706 3118; x_wconf 90' lang='lat' dir='ltr'><strong>illa</strong></span> <span class='ocrx_word' id='word_1_392' title='bbox 719 3059 809 3117; x_wconf 85' lang='lat' dir='ltr'><strong>rerba</strong></span> <span class='ocrx_word' id='word_1_393' title='bbox 823 3061 931 3132; x_wconf 92' lang='lat' dir='ltr'><strong>quibus</strong></span> <span class='ocrx_word' id='word_1_394' title='bbox 985 3061 1149 3134; x_wconf 86' lang='lat' dir='ltr'><strong>capitulum</strong></span> <span class='ocrx_word' id='word_1_395' title='bbox 1158 3063 1223 3134; x_wconf 74' lang='lat'><strong>166),</strong></span> <span class='ocrx_word' id='word_1_396' title='bbox 1234 3065 1335 3120; x_wconf 80' lang='lat' dir='ltr'><strong>Priscis</strong></span> <span class='ocrx_word' id='word_1_397' title='bbox 1346 3064 1457 3135; x_wconf 83' lang='lat' dir='ltr'><strong>quidem</strong></span> <span class='ocrx_word' id='word_1_398' title='bbox 1472 3065 1632 3134; x_wconf 83' lang='lat' dir='ltr'><strong>canonibus,</strong></span> <span class='ocrx_word' id='word_1_399' title='bbox 1645 3063 1724 3136; x_wconf 90' lang='lat' dir='ltr'><strong>quod</strong></span> <span class='ocrx_word' id='word_1_400' title='bbox 1739 3079 1812 3120; x_wconf 90' lang='lat' dir='ltr'><strong>con-</strong></span> 
     </span>
     <span class='ocr_line' id='line_1_47' title="bbox 106 3150 1813 3226; baseline -0.001 -18"><span class='ocrx_word' id='word_1_401' title='bbox 106 3153 236 3226; x_wconf 89' lang='lat' dir='ltr'><strong>episcopi</strong></span> <span class='ocrx_word' id='word_1_402' title='bbox 251 3151 396 3208; x_wconf 81' lang='lat' dir='ltr'><strong>Gallaeciae</strong></span> <span class='ocrx_word' id='word_1_403' title='bbox 413 3151 588 3208; x_wconf 89' lang='lat' dir='ltr'><strong>dicebantur</strong></span> <span class='ocrx_word' id='word_1_404' title='bbox 602 3152 639 3208; x_wconf 91' lang='lat' dir='ltr'><strong>ad</strong></span> <span class='ocrx_word' id='word_1_405' title='bbox 664 3151 746 3208; x_wconf 90' lang='lat' dir='ltr'><strong>aliud</strong></span> <span class='ocrx_word' id='word_1_406' title='bbox 770 3150 930 3207; x_wconf 90' lang='lat' dir='ltr'><strong>concilium</strong></span> <span class='ocrx_word' id='word_1_407' title='bbox 986 3151 1099 3207; x_wconf 89' lang='lat' dir='ltr'><strong>tinetur</strong></span> <span class='ocrx_word' id='word_1_408' title='bbox 1110 3152 1139 3208; x_wconf 92' lang='lat' dir='ltr'><strong>in</strong></span> <span class='ocrx_word' id='word_1_409' title='bbox 1150 3169 1271 3226; x_wconf 91' lang='lat' dir='ltr'><strong>corpore</strong></span> <span class='ocrx_word' id='word_1_410' title='bbox 1281 3152 1767 3226; x_wconf 85' lang='lat' dir='ltr'><strong>beoretorum.Uude,respondens</strong></span> <span class='ocrx_word' id='word_1_411' title='bbox 1775 3151 1813 3209; x_wconf 92' lang='lat' dir='ltr'><strong>ad</strong></span> 
     </span>
     <span class='ocr_line' id='line_1_48' title="bbox 104 3221 1812 3314; baseline 0.001 -19"><span class='ocrx_word' id='word_1_412' title='bbox 104 3239 401 3308; x_wconf 76' lang='lat' dir='ltr'><strong>convenisse,notarii</strong></span> <span class='ocrx_word' id='word_1_413' title='bbox 415 3245 530 3296; x_wconf 90' lang='lat' dir='ltr'><strong>tantum</strong></span> <span class='ocrx_word' id='word_1_414' title='bbox 538 3257 590 3296; x_wconf 89' lang='lat' dir='ltr'><strong>scu</strong></span> <span class='ocrx_word' id='word_1_415' title='bbox 601 3239 804 3312; x_wconf 90' lang='lat' dir='ltr'><strong>compilatoris</strong></span> <span class='ocrx_word' id='word_1_416' title='bbox 813 3239 929 3295; x_wconf 77' lang='lat' dir='ltr'><strong>exstite</strong></span> <span class='ocrx_word' id='word_1_417' title='bbox 943 3221 968 3288; x_wconf 78' lang='lat' dir='ltr'>G</span> <span class='ocrx_word' id='word_1_418' title='bbox 982 3239 1113 3297; x_wconf 89' lang='lat' dir='ltr'><strong>rationes</strong></span> <span class='ocrx_word' id='word_1_419' title='bbox 1120 3242 1300 3313; x_wconf 72' lang='lat' dir='ltr'><strong>premissas,</strong></span> <span class='ocrx_word' id='word_1_420' title='bbox 1311 3260 1376 3314; x_wconf 80' lang='lat' dir='ltr'><strong>quus</strong></span> <span class='ocrx_word' id='word_1_421' title='bbox 1387 3247 1491 3299; x_wconf 90' lang='lat' dir='ltr'><strong>contra</strong></span> <span class='ocrx_word' id='word_1_422' title='bbox 1501 3243 1558 3299; x_wconf 89' lang='lat' dir='ltr'><strong>hoc</strong></span> <span class='ocrx_word' id='word_1_423' title='bbox 1568 3242 1730 3299; x_wconf 90' lang='lat' dir='ltr'><strong>concilium</strong></span> <span class='ocrx_word' id='word_1_424' title='bbox 1742 3246 1812 3298; x_wconf 90' lang='lat' dir='ltr'><strong>sunt</strong></span> 
     </span>
     <span class='ocr_line' id='line_1_49' title="bbox 103 3327 1809 3403; baseline 0.002 -19"><span class='ocrx_word' id='word_1_425' title='bbox 103 3329 181 3384; x_wconf 83' lang='lat' dir='ltr'><strong>rint:</strong></span> <span class='ocrx_word' id='word_1_426' title='bbox 196 3345 260 3401; x_wconf 84' lang='lat' dir='ltr'><strong>quoe</strong></span> <span class='ocrx_word' id='word_1_427' title='bbox 272 3345 333 3384; x_wconf 89' lang='lat' dir='ltr'><strong>non</strong></span> <span class='ocrx_word' id='word_1_428' title='bbox 343 3328 455 3385; x_wconf 89' lang='lat' dir='ltr'><strong>babent</strong></span> <span class='ocrx_word' id='word_1_429' title='bbox 465 3330 670 3385; x_wconf 88' lang='lat' dir='ltr'><strong>auctoritatem</strong></span> <span class='ocrx_word' id='word_1_430' title='bbox 683 3328 884 3397; x_wconf 88' lang='lat' dir='ltr'><strong>concilii,cum</strong></span> <span class='ocrx_word' id='word_1_431' title='bbox 896 3328 928 3383; x_wconf 92' lang='lat' dir='ltr'><strong>in</strong></span> <span class='ocrx_word' id='word_1_432' title='bbox 982 3327 1116 3401; x_wconf 72' lang='lat' dir='ltr'><strong>objector,</strong></span> <span class='ocrx_word' id='word_1_433' title='bbox 1131 3347 1235 3386; x_wconf 89' lang='lat' dir='ltr'><strong>omnes</strong></span> <span class='ocrx_word' id='word_1_434' title='bbox 1250 3331 1336 3403; x_wconf 92' lang='lat' dir='ltr'><strong>quasi</strong></span> <span class='ocrx_word' id='word_1_435' title='bbox 1349 3331 1468 3388; x_wconf 81' lang='lat' dir='ltr'><strong>frivolas</strong></span> <span class='ocrx_word' id='word_1_436' title='bbox 1483 3331 1640 3387; x_wconf 88' lang='lat' dir='ltr'><strong>ostendere</strong></span> <span class='ocrx_word' id='word_1_437' title='bbox 1656 3331 1809 3387; x_wconf 86' lang='lat' dir='ltr'><strong>nitebaris.</strong></span> 
     </span>
     <span class='ocr_line' id='line_1_50' title="bbox 104 3417 1811 3492; baseline 0.002 -20"><span class='ocrx_word' id='word_1_438' title='bbox 104 3421 166 3473; x_wconf 88' lang='lat' dir='ltr'><strong>toto</strong></span> <span class='ocrx_word' id='word_1_439' title='bbox 182 3418 308 3474; x_wconf 89' lang='lat' dir='ltr'><strong>concilio</strong></span> <span class='ocrx_word' id='word_1_440' title='bbox 323 3417 399 3474; x_wconf 92' lang='lat' dir='ltr'><strong>nibil</strong></span> <span class='ocrx_word' id='word_1_441' title='bbox 415 3419 582 3474; x_wconf 87' lang='lat' dir='ltr'><strong>inveniatur</strong></span> <span class='ocrx_word' id='word_1_442' title='bbox 598 3423 742 3474; x_wconf 88' lang='lat' dir='ltr'><strong>statutum</strong></span> <span class='ocrx_word' id='word_1_443' title='bbox 756 3418 802 3473; x_wconf 85' lang='lat' dir='ltr'><strong>vel</strong></span> <span class='ocrx_word' id='word_1_444' title='bbox 816 3417 927 3473; x_wconf 84' lang='lat' dir='ltr'><strong>factum</strong></span> <span class='ocrx_word' id='word_1_445' title='bbox 982 3418 1147 3475; x_wconf 86' lang='lat' dir='ltr'><strong>Divisiones</strong></span> <span class='ocrx_word' id='word_1_446' title='bbox 1157 3425 1257 3475; x_wconf 90' lang='lat' dir='ltr'><strong>autem</strong></span> <span class='ocrx_word' id='word_1_447' title='bbox 1268 3437 1333 3492; x_wconf 83' lang='lat' dir='ltr'><strong>quae</strong></span> <span class='ocrx_word' id='word_1_448' title='bbox 1342 3438 1395 3492; x_wconf 91' lang='lat' dir='ltr'><strong>pro</strong></span> <span class='ocrx_word' id='word_1_449' title='bbox 1410 3420 1582 3477; x_wconf 88' lang='lat' dir='ltr'><strong>Bracarensi</strong></span> <span class='ocrx_word' id='word_1_450' title='bbox 1594 3418 1725 3477; x_wconf 84' lang='lat' dir='ltr'><strong>Ecclesia</strong></span> <span class='ocrx_word' id='word_1_451' title='bbox 1740 3426 1811 3476; x_wconf 90' lang='lat' dir='ltr'><strong>sunt</strong></span> 
     </span>
     <span class='ocr_line' id='line_1_51' title="bbox 105 3505 1817 3583; baseline 0.002 -22"><span class='ocrx_word' id='word_1_452' title='bbox 105 3507 228 3562; x_wconf 88' lang='lat' dir='ltr'><strong>omnino</strong></span> <span class='ocrx_word' id='word_1_453' title='bbox 243 3507 323 3579; x_wconf 91' lang='lat' dir='ltr'><strong>quod</strong></span> <span class='ocrx_word' id='word_1_454' title='bbox 339 3506 376 3562; x_wconf 90' lang='lat' dir='ltr'><strong>ad</strong></span> <span class='ocrx_word' id='word_1_455' title='bbox 391 3508 624 3580; x_wconf 89' lang='lat' dir='ltr'><strong>recognitionem</strong></span> <span class='ocrx_word' id='word_1_456' title='bbox 649 3508 807 3579; x_wconf 85' lang='lat' dir='ltr'><strong>pertineat,</strong></span> <span class='ocrx_word' id='word_1_457' title='bbox 821 3511 855 3562; x_wconf 88' lang='lat' dir='ltr'><strong>ut</strong></span> <span class='ocrx_word' id='word_1_458' title='bbox 878 3505 927 3561; x_wconf 92' lang='lat' dir='ltr'><strong>isti</strong></span> <span class='ocrx_word' id='word_1_459' title='bbox 981 3507 1144 3580; x_wconf 80' lang='lat' dir='ltr'><strong>productae,</strong></span> <span class='ocrx_word' id='word_1_460' title='bbox 1161 3526 1265 3566; x_wconf 87' lang='lat' dir='ltr'><strong>omnes</strong></span> <span class='ocrx_word' id='word_1_461' title='bbox 1276 3510 1312 3566; x_wconf 90' lang='lat' dir='ltr'><strong>de</strong></span> <span class='ocrx_word' id='word_1_462' title='bbox 1323 3510 1396 3567; x_wconf 92' lang='lat' dir='ltr'><strong>locis</strong></span> <span class='ocrx_word' id='word_1_463' title='bbox 1412 3509 1468 3568; x_wconf 90' lang='lat' dir='ltr'><strong>sibi</strong></span> <span class='ocrx_word' id='word_1_464' title='bbox 1484 3509 1625 3583; x_wconf 77' lang='lat' dir='ltr'><strong>subJ&#39;eotis</strong></span> <span class='ocrx_word' id='word_1_465' title='bbox 1640 3515 1670 3566; x_wconf 90' lang='lat' dir='ltr'><strong>et</strong></span> <span class='ocrx_word' id='word_1_466' title='bbox 1683 3510 1750 3566; x_wconf 88' lang='lat' dir='ltr'><strong>idco</strong></span> <span class='ocrx_word' id='word_1_467' title='bbox 1763 3516 1817 3565; x_wconf 89' lang='lat' dir='ltr'><strong>su·&#39;</strong></span> 
     </span>
     <span class='ocr_line' id='line_1_52' title="bbox 105 3593 1811 3672; baseline 0.001 -19"><span class='ocrx_word' id='word_1_468' title='bbox 105 3597 165 3654; x_wconf 88' lang='lat' dir='ltr'><strong>sint</strong></span> <span class='ocrx_word' id='word_1_469' title='bbox 181 3595 216 3652; x_wconf 87' lang='lat' dir='ltr'><strong>de</strong></span> <span class='ocrx_word' id='word_1_470' title='bbox 227 3596 364 3652; x_wconf 81' lang='lat' dir='ltr'><strong>Gallaecia</strong></span> <span class='ocrx_word' id='word_1_471' title='bbox 376 3595 421 3651; x_wconf 91' lang='lat' dir='ltr'><strong>vel</strong></span> <span class='ocrx_word' id='word_1_472' title='bbox 437 3597 473 3652; x_wconf 90' lang='lat' dir='ltr'><strong>ad</strong></span> <span class='ocrx_word' id='word_1_473' title='bbox 496 3596 762 3668; x_wconf 84' lang='lat' dir='ltr'><strong>metropolitanum</strong></span> <span class='ocrx_word' id='word_1_474' title='bbox 783 3593 927 3652; x_wconf 73' lang='lat' dir='ltr'><strong>Gallaecia</strong></span> <span class='ocrx_word' id='word_1_475' title='bbox 982 3599 1091 3669; x_wconf 88' lang='lat' dir='ltr'><strong>spectis</strong></span> <span class='ocrx_word' id='word_1_476' title='bbox 1107 3599 1293 3671; x_wconf 90' lang='lat' dir='ltr'><strong>proponebas</strong></span> <span class='ocrx_word' id='word_1_477' title='bbox 1303 3604 1483 3672; x_wconf 86' lang='lat' dir='ltr'><strong>assumptas,</strong></span> <span class='ocrx_word' id='word_1_478' title='bbox 1499 3599 1670 3671; x_wconf 89' lang='lat' dir='ltr'><strong>inquorum</strong></span> <span class='ocrx_word' id='word_1_479' title='bbox 1682 3599 1811 3656; x_wconf 85' lang='lat' dir='ltr'><strong>armaria</strong></span> 
     </span>
     <span class='ocr_line' id='line_1_53' title="bbox 102 3684 1809 3770; baseline 0.002 -30"><span class='ocrx_word' id='word_1_480' title='bbox 102 3684 317 3757; x_wconf 87' lang='lat' dir='ltr'><strong>quoquomodo</strong></span> <span class='ocrx_word' id='word_1_481' title='bbox 328 3685 719 3758; x_wconf 81' lang='lat' dir='ltr'><strong>pertineantltespondebas</strong></span> <span class='ocrx_word' id='word_1_482' title='bbox 730 3685 819 3741; x_wconf 89' lang='lat' dir='ltr'><strong>etiam</strong></span> <span class='ocrx_word' id='word_1_483' title='bbox 829 3684 927 3752; x_wconf 88' lang='lat' dir='ltr'><strong>aliter,</strong></span> <span class='ocrx_word' id='word_1_484' title='bbox 981 3687 1310 3759; x_wconf 87' lang='lat' dir='ltr'><strong>propterhanccausam</strong></span> <span class='ocrx_word' id='word_1_485' title='bbox 1320 3687 1728 3770; x_wconf 79' lang='lat' dir='ltr'><strong>laoilepotuerpntcorruptae</strong></span> <span class='ocrx_word' id='word_1_486' title='bbox 1741 3689 1809 3744; x_wconf 90' lang='lat' dir='ltr'><strong>sub·</strong></span> 
     </span>
     <span class='ocr_line' id='line_1_54' title="bbox 101 3772 1810 3846; baseline 0.002 -17"><span class='ocrx_word' id='word_1_487' title='bbox 101 3772 181 3846; x_wconf 92' lang='lat' dir='ltr'><strong>quod</strong></span> <span class='ocrx_word' id='word_1_488' title='bbox 195 3774 265 3845; x_wconf 89' lang='lat' dir='ltr'><strong>qnia</strong></span> <span class='ocrx_word' id='word_1_489' title='bbox 279 3791 331 3829; x_wconf 90' lang='lat' dir='ltr'><strong>rex</strong></span> <span class='ocrx_word' id='word_1_490' title='bbox 346 3772 501 3843; x_wconf 81' lang='lat' dir='ltr'><strong>Gallaeciae‚</strong></span> <span class='ocrx_word' id='word_1_491' title='bbox 517 3779 551 3830; x_wconf 89' lang='lat' dir='ltr'><strong>ut</strong></span> <span class='ocrx_word' id='word_1_492' title='bbox 565 3790 600 3830; x_wconf 82' lang='lat' dir='ltr'><strong>ex</strong></span> <span class='ocrx_word' id='word_1_493' title='bbox 615 3772 763 3830; x_wconf 78' lang='lat' dir='ltr'><strong>veteribus</strong></span> <span class='ocrx_word' id='word_1_494' title='bbox 788 3779 926 3830; x_wconf 85' lang='lat' dir='ltr'><strong>constare</strong></span> <span class='ocrx_word' id='word_1_495' title='bbox 982 3776 1070 3833; x_wconf 91' lang='lat' dir='ltr'><strong>mitti.</strong></span> <span class='ocrx_word' id='word_1_496' title='bbox 1086 3777 1153 3832; x_wconf 83' lang='lat' dir='ltr'><strong>Tuae</strong></span> <span class='ocrx_word' id='word_1_497' title='bbox 1166 3793 1234 3832; x_wconf 84' lang='lat' dir='ltr'><strong>vero</strong></span> <span class='ocrx_word' id='word_1_498' title='bbox 1250 3777 1410 3834; x_wconf 89' lang='lat' dir='ltr'><strong>divisiones</strong></span> <span class='ocrx_word' id='word_1_499' title='bbox 1423 3794 1527 3834; x_wconf 90' lang='lat' dir='ltr'><strong>omues</strong></span> <span class='ocrx_word' id='word_1_500' title='bbox 1552 3783 1622 3833; x_wconf 88' lang='lat' dir='ltr'><strong>sunt</strong></span> <span class='ocrx_word' id='word_1_501' title='bbox 1646 3776 1810 3834; x_wconf 90' lang='lat' dir='ltr'><strong>secundum</strong></span> 
     </span>
     <span class='ocr_line' id='line_1_55' title="bbox 98 3862 1809 3939; baseline 0.003 -20"><span class='ocrx_word' id='word_1_502' title='bbox 98 3862 220 3920; x_wconf 88' lang='lat' dir='ltr'><strong>dicebas</strong></span> <span class='ocrx_word' id='word_1_503' title='bbox 234 3863 380 3929; x_wconf 81' lang='lat' dir='ltr'><strong>historiis,</strong></span> <span class='ocrx_word' id='word_1_504' title='bbox 397 3869 591 3936; x_wconf 87' lang='lat' dir='ltr'><strong>occupaverat</strong></span> <span class='ocrx_word' id='word_1_505' title='bbox 605 3863 642 3919; x_wconf 89' lang='lat' dir='ltr'><strong>de</strong></span> <span class='ocrx_word' id='word_1_506' title='bbox 652 3863 804 3936; x_wconf 80' lang='lat' dir='ltr'><strong>provincia</strong></span> <span class='ocrx_word' id='word_1_507' title='bbox 814 3863 928 3918; x_wconf 84' lang='lat' dir='ltr'><strong>Lusita-</strong></span> <span class='ocrx_word' id='word_1_508' title='bbox 982 3871 1091 3922; x_wconf 89' lang='lat' dir='ltr'><strong>statum</strong></span> <span class='ocrx_word' id='word_1_509' title='bbox 1102 3867 1270 3939; x_wconf 89' lang='lat' dir='ltr'><strong>antiquum,</strong></span> <span class='ocrx_word' id='word_1_510' title='bbox 1282 3867 1327 3923; x_wconf 85' lang='lat' dir='ltr'><strong>vel</strong></span> <span class='ocrx_word' id='word_1_511' title='bbox 1339 3867 1374 3924; x_wconf 90' lang='lat' dir='ltr'><strong>de</strong></span> <span class='ocrx_word' id='word_1_512' title='bbox 1385 3867 1458 3924; x_wconf 91' lang='lat' dir='ltr'><strong>locis</strong></span> <span class='ocrx_word' id='word_1_513' title='bbox 1469 3884 1529 3924; x_wconf 89' lang='lat' dir='ltr'><strong>non</strong></span> <span class='ocrx_word' id='word_1_514' title='bbox 1538 3867 1592 3923; x_wconf 93' lang='lat' dir='ltr'><strong>tibi</strong></span> <span class='ocrx_word' id='word_1_515' title='bbox 1604 3867 1657 3924; x_wconf 89' lang='lat' dir='ltr'><strong>sed</strong></span> <span class='ocrx_word' id='word_1_516' title='bbox 1668 3867 1725 3924; x_wconf 90' lang='lat' dir='ltr'><strong>sibi</strong></span> <span class='ocrx_word' id='word_1_517' title='bbox 1738 3868 1809 3924; x_wconf 92' lang='lat' dir='ltr'><strong>sub·</strong></span> 
     </span>
     <span class='ocr_line' id='line_1_56' title="bbox 96 3951 1810 4030; baseline 0.003 -22"><span class='ocrx_word' id='word_1_518' title='bbox 96 3953 157 4008; x_wconf 79' lang='lat' dir='ltr'><strong>nire</strong></span> <span class='ocrx_word' id='word_1_519' title='bbox 167 3951 221 4008; x_wconf 90' lang='lat' dir='ltr'><strong>has</strong></span> <span class='ocrx_word' id='word_1_520' title='bbox 233 3956 360 4025; x_wconf 90' lang='lat' dir='ltr'><strong>quatuor</strong></span> <span class='ocrx_word' id='word_1_521' title='bbox 374 3953 517 4022; x_wconf 86' lang='lat' dir='ltr'><strong>civitates,</strong></span> <span class='ocrx_word' id='word_1_522' title='bbox 533 3953 570 4010; x_wconf 90' lang='lat' dir='ltr'><strong>ad</strong></span> <span class='ocrx_word' id='word_1_523' title='bbox 586 3968 634 4010; x_wconf 89' lang='lat' dir='ltr'><strong>eas</strong></span> <span class='ocrx_word' id='word_1_524' title='bbox 657 3953 702 4008; x_wconf 91' lang='lat' dir='ltr'><strong>sui</strong></span> <span class='ocrx_word' id='word_1_525' title='bbox 716 3953 801 4026; x_wconf 86' lang='lat' dir='ltr'><strong>regni</strong></span> <span class='ocrx_word' id='word_1_526' title='bbox 817 3967 926 4008; x_wconf 87' lang='lat' dir='ltr'><strong>nomen</strong></span> <span class='ocrx_word' id='word_1_527' title='bbox 977 3955 1067 4029; x_wconf 79' lang='lat' dir='ltr'><strong>J&#39;ectis</strong></span> <span class='ocrx_word' id='word_1_528' title='bbox 1083 3961 1242 4030; x_wconf 76' lang='lat' dir='ltr'><strong>assumpta</strong></span> <span class='ocrx_word' id='word_1_529' title='bbox 1253 3956 1482 4029; x_wconf 88' lang='lat' dir='ltr'><strong>(audeamplius</strong></span> <span class='ocrx_word' id='word_1_530' title='bbox 1497 3955 1558 4012; x_wconf 90' lang='lat' dir='ltr'><strong>illis</strong></span> <span class='ocrx_word' id='word_1_531' title='bbox 1570 3961 1675 4014; x_wconf 88' lang='lat' dir='ltr'><strong>eontra</strong></span> <span class='ocrx_word' id='word_1_532' title='bbox 1687 3974 1718 4015; x_wconf 88' lang='lat' dir='ltr'><strong>se</strong></span> <span class='ocrx_word' id='word_1_533' title='bbox 1729 3956 1810 4015; x_wconf 91' lang='lat' dir='ltr'><strong>credi</strong></span> 
     </span>
    </p>
   </div>
   <div class='ocr_carea' id='block_1_9' title="bbox 97 4041 927 4564">
    <p class='ocr_par' dir='ltr' id='par_1_9' title="bbox 97 4041 927 4564">
     <span class='ocr_line' id='line_1_57' title="bbox 98 4041 926 4115; baseline -0.002 -17"><span class='ocrx_word' id='word_1_534' title='bbox 98 4041 316 4110; x_wconf 83' lang='lat' dir='ltr'><strong>extenderat‚ut</strong></span> <span class='ocrx_word' id='word_1_535' title='bbox 323 4042 546 4115; x_wconf 88' lang='lat' dir='ltr'><strong>perquamdam</strong></span> <span class='ocrx_word' id='word_1_536' title='bbox 558 4042 822 4114; x_wconf 81' lang='lat' dir='ltr'><strong>aequivocationem</strong></span> <span class='ocrx_word' id='word_1_537' title='bbox 831 4046 926 4098; x_wconf 88' lang='lat' dir='ltr'><strong>totum</strong></span> 
     </span>
     <span class='ocr_line' id='line_1_58' title="bbox 100 4130 927 4203; baseline -0.002 -14"><span class='ocrx_word' id='word_1_538' title='bbox 100 4133 190 4190; x_wconf 85' lang='lat' dir='ltr'><strong>etiam</strong></span> <span class='ocrx_word' id='word_1_539' title='bbox 204 4133 328 4203; x_wconf 85' lang='lat' dir='ltr'><strong>regnum</strong></span> <span class='ocrx_word' id='word_1_540' title='bbox 343 4130 487 4188; x_wconf 80' lang='lat' dir='ltr'><strong>Gallaeciae</strong></span> <span class='ocrx_word' id='word_1_541' title='bbox 503 4132 670 4202; x_wconf 90' lang='lat' dir='ltr'><strong>diceretur;</strong></span> <span class='ocrx_word' id='word_1_542' title='bbox 693 4137 723 4188; x_wconf 89' lang='lat' dir='ltr'><strong>et</strong></span> <span class='ocrx_word' id='word_1_543' title='bbox 738 4131 779 4188; x_wconf 89' lang='lat' dir='ltr'><strong>ita</strong></span> <span class='ocrx_word' id='word_1_544' title='bbox 794 4149 855 4188; x_wconf 93' lang='lat' dir='ltr'><strong>non</strong></span> <span class='ocrx_word' id='word_1_545' title='bbox 880 4147 927 4186; x_wconf 89' lang='lat' dir='ltr'><strong>se-</strong></span> 
     </span>
     <span class='ocr_line' id='line_1_59' title="bbox 97 4220 923 4294; baseline -0.002 -17"><span class='ocrx_word' id='word_1_546' title='bbox 97 4220 683 4294; x_wconf 81' lang='lat' dir='ltr'><strong>cundumlimitationemprovinciae,sed</strong></span> <span class='ocrx_word' id='word_1_547' title='bbox 695 4221 859 4277; x_wconf 87' lang='lat' dir='ltr'><strong>secundnm</strong></span> <span class='ocrx_word' id='word_1_548' title='bbox 873 4236 923 4276; x_wconf 91' lang='lat' dir='ltr'><strong>oc-</strong></span> 
     </span>
     <span class='ocr_line' id='line_1_60' title="bbox 99 4308 926 4384; baseline -0.005 -17"><span class='ocrx_word' id='word_1_549' title='bbox 99 4309 289 4382; x_wconf 88' lang='lat' dir='ltr'><strong>cupationem</strong></span> <span class='ocrx_word' id='word_1_550' title='bbox 300 4311 394 4384; x_wconf 89' lang='lat' dir='ltr'><strong>regni,</strong></span> <span class='ocrx_word' id='word_1_551' title='bbox 405 4311 475 4366; x_wconf 91' lang='lat' dir='ltr'><strong>dicti</strong></span> <span class='ocrx_word' id='word_1_552' title='bbox 487 4317 558 4367; x_wconf 90' lang='lat' dir='ltr'><strong>sunt</strong></span> <span class='ocrx_word' id='word_1_553' title='bbox 567 4311 611 4366; x_wconf 97' lang='lat' dir='ltr'><strong>illi</strong></span> <span class='ocrx_word' id='word_1_554' title='bbox 624 4309 754 4382; x_wconf 89' lang='lat' dir='ltr'><strong>episcopi</strong></span> <span class='ocrx_word' id='word_1_555' title='bbox 769 4309 805 4366; x_wconf 89' lang='lat' dir='ltr'><strong>de</strong></span> <span class='ocrx_word' id='word_1_556' title='bbox 822 4308 926 4366; x_wconf 82' lang='lat' dir='ltr'><strong>Gallae-</strong></span> 
     </span>
     <span class='ocr_line' id='line_1_61' title="bbox 98 4397 924 4472; baseline -0.005 -16"><span class='ocrx_word' id='word_1_557' title='bbox 98 4400 154 4456; x_wconf 91' lang='lat' dir='ltr'><strong>cia.</strong></span> <span class='ocrx_word' id='word_1_558' title='bbox 171 4399 254 4466; x_wconf 89' lang='lat' dir='ltr'><strong>Quod</strong></span> <span class='ocrx_word' id='word_1_559' title='bbox 268 4398 338 4456; x_wconf 86' lang='lat' dir='ltr'><strong>inde</strong></span> <span class='ocrx_word' id='word_1_560' title='bbox 353 4399 483 4456; x_wconf 86' lang='lat' dir='ltr'><strong>maxime</strong></span> <span class='ocrx_word' id='word_1_561' title='bbox 502 4398 691 4472; x_wconf 90' lang='lat' dir='ltr'><strong>comprobari</strong></span> <span class='ocrx_word' id='word_1_562' title='bbox 706 4397 836 4468; x_wconf 88' lang='lat' dir='ltr'><strong>dicebas,</strong></span> <span class='ocrx_word' id='word_1_563' title='bbox 854 4399 924 4470; x_wconf 91' lang='lat' dir='ltr'><strong>quia</strong></span> 
     </span>
     <span class='ocr_line' id='line_1_62' title="bbox 98 4487 926 4564; baseline -0.002 -20"><span class='ocrx_word' id='word_1_564' title='bbox 98 4494 257 4562; x_wconf 88' lang='lat' dir='ltr'><strong>postquam</strong></span> <span class='ocrx_word' id='word_1_565' title='bbox 273 4488 325 4544; x_wconf 90' lang='lat' dir='ltr'><strong>illa</strong></span> <span class='ocrx_word' id='word_1_566' title='bbox 339 4505 499 4564; x_wconf 90' lang='lat' dir='ltr'><strong>regnorum</strong></span> <span class='ocrx_word' id='word_1_567' title='bbox 516 4489 654 4557; x_wconf 89' lang='lat' dir='ltr'><strong>scissura,</strong></span> <span class='ocrx_word' id='word_1_568' title='bbox 668 4504 733 4560; x_wconf 81' lang='lat' dir='ltr'><strong>quas</strong></span> <span class='ocrx_word' id='word_1_569' title='bbox 749 4487 819 4543; x_wconf 90' lang='lat' dir='ltr'><strong>huie</strong></span> <span class='ocrx_word' id='word_1_570' title='bbox 832 4487 926 4556; x_wconf 86' lang='lat' dir='ltr'><strong>nomi·</strong></span> 
     </span>
    </p>
   </div>
   <div class='ocr_carea' id='block_1_10' title="bbox 981 4045 1810 4561">
    <p class='ocr_par' dir='ltr' id='par_1_10' title="bbox 981 4045 1810 4561">
     <span class='ocr_line' id='line_1_63' title="bbox 982 4045 1808 4119; baseline 0.001 -18"><span class='ocrx_word' id='word_1_571' title='bbox 982 4045 1711 4119; x_wconf 84' lang='lat' dir='ltr'><strong>debet)velderemotisprouiuciis,apudquasnon</strong></span> <span class='ocrx_word' id='word_1_572' title='bbox 1719 4047 1808 4103; x_wconf 91' lang='lat' dir='ltr'><strong>exsti·</strong></span> 
     </span>
     <span class='ocr_line' id='line_1_64' title="bbox 981 4133 1810 4208; baseline 0.001 -18"><span class='ocrx_word' id='word_1_573' title='bbox 981 4133 1810 4208; x_wconf 82' lang='lat' dir='ltr'><strong>tiicausacorrnptionisvelsuspicionispraedieta;quas</strong></span> 
     </span>
     <span class='ocr_line' id='line_1_65' title="bbox 982 4221 1808 4297; baseline 0 -19"><span class='ocrx_word' id='word_1_574' title='bbox 982 4223 1071 4279; x_wconf 90' lang='lat' dir='ltr'><strong>etiam</strong></span> <span class='ocrx_word' id='word_1_575' title='bbox 1081 4221 1230 4296; x_wconf 89' lang='lat' dir='ltr'><strong>protulisti</strong></span> <span class='ocrx_word' id='word_1_576' title='bbox 1244 4224 1299 4279; x_wconf 89' lang='lat' dir='ltr'><strong>snb</strong></span> <span class='ocrx_word' id='word_1_577' title='bbox 1311 4224 1489 4282; x_wconf 84' lang='lat' dir='ltr'><strong>testimoniis</strong></span> <span class='ocrx_word' id='word_1_578' title='bbox 1500 4228 1530 4280; x_wconf 89' lang='lat' dir='ltr'><strong>et</strong></span> <span class='ocrx_word' id='word_1_579' title='bbox 1540 4223 1646 4297; x_wconf 84' lang='lat' dir='ltr'><strong>sigillis</strong></span> <span class='ocrx_word' id='word_1_580' title='bbox 1657 4223 1808 4280; x_wconf 89' lang='lat' dir='ltr'><strong>authenti·</strong></span> 
     </span>
     <span class='ocr_line' id='line_1_66' title="bbox 982 4311 1810 4385; baseline 0 -18"><span class='ocrx_word' id='word_1_581' title='bbox 982 4311 1034 4380; x_wconf 90' lang='lat' dir='ltr'><strong>cis,</strong></span> <span class='ocrx_word' id='word_1_582' title='bbox 1046 4311 1155 4384; x_wconf 90' lang='lat' dir='ltr'><strong>quibus</strong></span> <span class='ocrx_word' id='word_1_583' title='bbox 1166 4317 1195 4368; x_wconf 90' lang='lat' dir='ltr'><strong>et</strong></span> <span class='ocrx_word' id='word_1_584' title='bbox 1206 4329 1336 4369; x_wconf 89' lang='lat' dir='ltr'><strong>canones</strong></span> <span class='ocrx_word' id='word_1_585' title='bbox 1347 4317 1376 4370; x_wconf 88' lang='lat' dir='ltr'><strong>et</strong></span> <span class='ocrx_word' id='word_1_586' title='bbox 1385 4317 1498 4370; x_wconf 83' lang='lat' dir='ltr'><strong>veteres</strong></span> <span class='ocrx_word' id='word_1_587' title='bbox 1510 4313 1673 4385; x_wconf 89' lang='lat' dir='ltr'><strong>scripturas</strong></span> <span class='ocrx_word' id='word_1_588' title='bbox 1685 4329 1810 4368; x_wconf 90' lang='lat' dir='ltr'><strong>concor-</strong></span> 
     </span>
     <span class='ocr_line' id='line_1_67' title="bbox 982 4399 1807 4473; baseline 0.002 -18"><span class='ocrx_word' id='word_1_589' title='bbox 982 4399 1807 4473; x_wconf 83' lang='lat' dir='ltr'><strong>deradicebas.Praescriptionesautemexquibusetiam</strong></span> 
     </span>
     <span class='ocr_line' id='line_1_68' title="bbox 982 4487 1806 4561; baseline 0.005 -19"><span class='ocrx_word' id='word_1_590' title='bbox 982 4487 1122 4546; x_wconf 87' lang='lat' dir='ltr'><strong>adversus</strong></span> <span class='ocrx_word' id='word_1_591' title='bbox 1137 4505 1239 4545; x_wconf 90' lang='lat' dir='ltr'><strong>verum</strong></span> <span class='ocrx_word' id='word_1_592' title='bbox 1256 4489 1411 4545; x_wconf 91' lang='lat' dir='ltr'><strong>dominum</strong></span> <span class='ocrx_word' id='word_1_593' title='bbox 1426 4490 1568 4561; x_wconf 88' lang='lat' dir='ltr'><strong>competit</strong></span> <span class='ocrx_word' id='word_1_594' title='bbox 1582 4489 1670 4558; x_wconf 89' lang='lat' dir='ltr'><strong>actio,</strong></span> <span class='ocrx_word' id='word_1_595' title='bbox 1694 4489 1806 4546; x_wconf 89' lang='lat' dir='ltr'><strong>nedum</strong></span> 
     </span>
    </p>
   </div>
   <div class='ocr_carea' id='block_1_11' title="bbox 97 4575 1806 4656">
    <p class='ocr_par' dir='ltr' id='par_1_11' title="bbox 97 4575 1806 4656">
     <span class='ocr_line' id='line_1_69' title="bbox 97 4575 1806 4656; baseline -0.001 -20"><span class='ocrx_word' id='word_1_596' title='bbox 97 4579 214 4636; x_wconf 89' lang='lat' dir='ltr'><strong>nationi</strong></span> <span class='ocrx_word' id='word_1_597' title='bbox 229 4595 350 4636; x_wconf 89' lang='lat' dir='ltr'><strong>causam</strong></span> <span class='ocrx_word' id='word_1_598' title='bbox 364 4579 555 4652; x_wconf 72' lang='lat' dir='ltr'><strong>praestiterat,</strong></span> <span class='ocrx_word' id='word_1_599' title='bbox 572 4583 617 4634; x_wconf 89' lang='lat' dir='ltr'><strong>est</strong></span> <span class='ocrx_word' id='word_1_600' title='bbox 641 4577 767 4646; x_wconf 87' lang='lat' dir='ltr'><strong>sublata,</strong></span> <span class='ocrx_word' id='word_1_601' title='bbox 792 4575 922 4633; x_wconf 78' lang='lat' dir='ltr'><strong>reductae</strong></span> <span class='ocrx_word' id='word_1_602' title='bbox 938 4591 965 4656; x_wconf 81' lang='lat' dir='ltr'>D</span> <span class='ocrx_word' id='word_1_603' title='bbox 982 4576 1062 4648; x_wconf 92' lang='lat' dir='ltr'><strong>quod</strong></span> <span class='ocrx_word' id='word_1_604' title='bbox 1076 4577 1210 4650; x_wconf 87' lang='lat' dir='ltr'><strong>exceptio</strong></span> <span class='ocrx_word' id='word_1_605' title='bbox 1226 4582 1375 4650; x_wconf 88' lang='lat' dir='ltr'><strong>competat</strong></span> <span class='ocrx_word' id='word_1_606' title='bbox 1387 4577 1628 4650; x_wconf 74' lang='lat' dir='ltr'><strong>presidentibus,</strong></span> <span class='ocrx_word' id='word_1_607' title='bbox 1644 4577 1746 4635; x_wconf 90' lang='lat' dir='ltr'><strong>multis</strong></span> <span class='ocrx_word' id='word_1_608' title='bbox 1761 4595 1806 4636; x_wconf 92' lang='lat' dir='ltr'><strong>ra·</strong></span> 
     </span>
    </p>
   </div>
   <div class='ocr_carea' id='block_1_12' title="bbox 90 4668 921 5636">
    <p class='ocr_par' dir='ltr' id='par_1_12' title="bbox 90 4668 921 5636">
     <span class='ocr_line' id='line_1_70' title="bbox 97 4668 919 4742; baseline -0.004 -16"><span class='ocrx_word' id='word_1_609' title='bbox 97 4675 168 4726; x_wconf 88' lang='lat' dir='ltr'><strong>sunt</strong></span> <span class='ocrx_word' id='word_1_610' title='bbox 177 4671 223 4726; x_wconf 79' lang='lat' dir='ltr'><strong>has</strong></span> <span class='ocrx_word' id='word_1_611' title='bbox 234 4669 366 4727; x_wconf 83' lang='lat' dir='ltr'><strong>civitates</strong></span> <span class='ocrx_word' id='word_1_612' title='bbox 378 4671 416 4726; x_wconf 85' lang='lat' dir='ltr'><strong>ad</strong></span> <span class='ocrx_word' id='word_1_613' title='bbox 431 4688 490 4728; x_wconf 79' lang='lat' dir='ltr'><strong>suas</strong></span> <span class='ocrx_word' id='word_1_614' title='bbox 502 4670 777 4742; x_wconf 82' lang='lat' dir='ltr'><strong>nomenprorinciae</strong></span> <span class='ocrx_word' id='word_1_615' title='bbox 788 4685 795 4737; x_wconf 91' lang='lat'>;</span> <span class='ocrx_word' id='word_1_616' title='bbox 812 4673 845 4724; x_wconf 90' lang='lat' dir='ltr'><strong>ut</strong></span> <span class='ocrx_word' id='word_1_617' title='bbox 854 4668 919 4741; x_wconf 87' lang='lat' dir='ltr'><strong>jam</strong></span> 
     </span>
     <span class='ocr_line' id='line_1_71' title="bbox 97 4757 921 4829; baseline -0.001 -15"><span class='ocrx_word' id='word_1_618' title='bbox 97 4775 157 4815; x_wconf 92' lang='lat' dir='ltr'><strong>non</strong></span> <span class='ocrx_word' id='word_1_619' title='bbox 180 4758 336 4829; x_wconf 74' lang='lat' dir='ltr'><strong>Gallaecia,</strong></span> <span class='ocrx_word' id='word_1_620' title='bbox 362 4758 413 4817; x_wconf 89' lang='lat' dir='ltr'><strong>sed</strong></span> <span class='ocrx_word' id='word_1_621' title='bbox 437 4759 594 4816; x_wconf 78' lang='lat' dir='ltr'><strong>Lusitanis</strong></span> <span class='ocrx_word' id='word_1_622' title='bbox 619 4759 823 4826; x_wconf 87' lang='lat' dir='ltr'><strong>nominentur,</strong></span> <span class='ocrx_word' id='word_1_623' title='bbox 845 4757 921 4814; x_wconf 91' lang='lat' dir='ltr'><strong>sicut</strong></span> 
     </span>
     <span class='ocr_line' id='line_1_72' title="bbox 96 4847 919 4921; baseline -0.005 -17"><span class='ocrx_word' id='word_1_624' title='bbox 96 4851 198 4919; x_wconf 88' lang='lat' dir='ltr'><strong>aperte</strong></span> <span class='ocrx_word' id='word_1_625' title='bbox 212 4848 331 4921; x_wconf 88' lang='lat' dir='ltr'><strong>probari</strong></span> <span class='ocrx_word' id='word_1_626' title='bbox 347 4849 467 4906; x_wconf 86' lang='lat' dir='ltr'><strong>dicebas</strong></span> <span class='ocrx_word' id='word_1_627' title='bbox 480 4866 515 4905; x_wconf 86' lang='lat' dir='ltr'><strong>ex</strong></span> <span class='ocrx_word' id='word_1_628' title='bbox 530 4848 668 4920; x_wconf 88' lang='lat' dir='ltr'><strong>sequenti</strong></span> <span class='ocrx_word' id='word_1_629' title='bbox 689 4854 792 4921; x_wconf 89' lang='lat' dir='ltr'><strong>postea</strong></span> <span class='ocrx_word' id='word_1_630' title='bbox 806 4847 919 4902; x_wconf 85' lang='lat' dir='ltr'><strong>Emeri-</strong></span> 
     </span>
     <span class='ocr_line' id='line_1_73' title="bbox 95 4935 919 5010; baseline 0 -18"><span class='ocrx_word' id='word_1_631' title='bbox 95 4937 174 4993; x_wconf 89' lang='lat' dir='ltr'><strong>tensi</strong></span> <span class='ocrx_word' id='word_1_632' title='bbox 189 4937 327 5006; x_wconf 91' lang='lat' dir='ltr'><strong>concilio,</strong></span> <span class='ocrx_word' id='word_1_633' title='bbox 342 4938 373 4993; x_wconf 93' lang='lat' dir='ltr'><strong>in</strong></span> <span class='ocrx_word' id='word_1_634' title='bbox 388 4955 447 5010; x_wconf 92' lang='lat' dir='ltr'><strong>quo</strong></span> <span class='ocrx_word' id='word_1_635' title='bbox 463 4937 603 4994; x_wconf 88' lang='lat' dir='ltr'><strong>dicuntur</strong></span> <span class='ocrx_word' id='word_1_636' title='bbox 621 4937 658 4993; x_wconf 90' lang='lat' dir='ltr'><strong>ad</strong></span> <span class='ocrx_word' id='word_1_637' title='bbox 678 4935 837 5009; x_wconf 80' lang='lat' dir='ltr'><strong>provinciae</strong></span> <span class='ocrx_word' id='word_1_638' title='bbox 860 4952 919 4992; x_wconf 80' lang='lat' dir='ltr'><strong>sum</strong></span> 
     </span>
     <span class='ocr_line' id='line_1_74' title="bbox 95 5025 921 5099; baseline 0 -19"><span class='ocrx_word' id='word_1_639' title='bbox 95 5039 207 5082; x_wconf 88' lang='lat' dir='ltr'><strong>nomen</strong></span> <span class='ocrx_word' id='word_1_640' title='bbox 221 5025 347 5083; x_wconf 89' lang='lat' dir='ltr'><strong>reducti.</strong></span> <span class='ocrx_word' id='word_1_641' title='bbox 365 5029 423 5084; x_wconf 89' lang='lat' dir='ltr'><strong>Neo</strong></span> <span class='ocrx_word' id='word_1_642' title='bbox 438 5043 474 5083; x_wconf 90' lang='lat' dir='ltr'><strong>ex</strong></span> <span class='ocrx_word' id='word_1_643' title='bbox 490 5044 524 5084; x_wconf 88' lang='lat' dir='ltr'><strong>eo</strong></span> <span class='ocrx_word' id='word_1_644' title='bbox 539 5025 703 5099; x_wconf 89' lang='lat' dir='ltr'><strong>probantur</strong></span> <span class='ocrx_word' id='word_1_645' title='bbox 713 5025 750 5082; x_wconf 87' lang='lat' dir='ltr'><strong>ad</strong></span> <span class='ocrx_word' id='word_1_646' title='bbox 761 5027 921 5081; x_wconf 90' lang='lat' dir='ltr'><strong>Bracaren-</strong></span> 
     </span>
     <span class='ocr_line' id='line_1_75' title="bbox 95 5114 920 5189; baseline 0.002 -21"><span class='ocrx_word' id='word_1_647' title='bbox 95 5129 160 5170; x_wconf 86' lang='lat' dir='ltr'><strong>sem</strong></span> <span class='ocrx_word' id='word_1_648' title='bbox 175 5114 366 5189; x_wconf 91' lang='lat' dir='ltr'><strong>metropolim</strong></span> <span class='ocrx_word' id='word_1_649' title='bbox 380 5117 540 5189; x_wconf 87' lang='lat' dir='ltr'><strong>pertinere,</strong></span> <span class='ocrx_word' id='word_1_650' title='bbox 557 5117 627 5188; x_wconf 89' lang='lat' dir='ltr'><strong>quia</strong></span> <span class='ocrx_word' id='word_1_651' title='bbox 640 5115 840 5173; x_wconf 82' lang='lat' dir='ltr'><strong>interfuerunt</strong></span> <span class='ocrx_word' id='word_1_652' title='bbox 850 5130 920 5171; x_wconf 93' lang='lat' dir='ltr'><strong>con-</strong></span> 
     </span>
     <span class='ocr_line' id='line_1_76' title="bbox 96 5202 920 5277; baseline -0.001 -18"><span class='ocrx_word' id='word_1_653' title='bbox 96 5202 165 5259; x_wconf 85' lang='lat' dir='ltr'><strong>eilio</strong></span> <span class='ocrx_word' id='word_1_654' title='bbox 188 5205 371 5275; x_wconf 86' lang='lat' dir='ltr'><strong>Bracarensi,</strong></span> <span class='ocrx_word' id='word_1_655' title='bbox 396 5205 441 5262; x_wconf 84' lang='lat' dir='ltr'><strong>rel</strong></span> <span class='ocrx_word' id='word_1_656' title='bbox 465 5206 555 5262; x_wconf 90' lang='lat' dir='ltr'><strong>etlam</strong></span> <span class='ocrx_word' id='word_1_657' title='bbox 575 5205 827 5277; x_wconf 87' lang='lat' dir='ltr'><strong>subscripserunt,</strong></span> <span class='ocrx_word' id='word_1_658' title='bbox 853 5219 920 5259; x_wconf 90' lang='lat' dir='ltr'><strong>cum</strong></span> 
     </span>
     <span class='ocr_line' id='line_1_77' title="bbox 95 5292 920 5368; baseline -0.004 -18"><span class='ocrx_word' id='word_1_659' title='bbox 95 5292 920 5368; x_wconf 85' lang='lat' dir='ltr'><strong>constetNarbonensempermultatemporarenissead</strong></span> 
     </span>
     <span class='ocr_line' id='line_1_78' title="bbox 93 5381 920 5454; baseline -0.002 -14"><span class='ocrx_word' id='word_1_660' title='bbox 93 5382 223 5440; x_wconf 86' lang='lat' dir='ltr'><strong>coucilia</strong></span> <span class='ocrx_word' id='word_1_661' title='bbox 237 5384 378 5442; x_wconf 67' lang='lat' dir='ltr'><strong>toletana</strong></span> <span class='ocrx_word' id='word_1_662' title='bbox 391 5401 398 5452; x_wconf 93' lang='lat'>;</span> <span class='ocrx_word' id='word_1_663' title='bbox 411 5401 465 5442; x_wconf 90' lang='lat' dir='ltr'><strong>nec</strong></span> <span class='ocrx_word' id='word_1_664' title='bbox 480 5390 580 5442; x_wconf 88' lang='lat' dir='ltr'><strong>tamen</strong></span> <span class='ocrx_word' id='word_1_665' title='bbox 590 5385 732 5441; x_wconf 83' lang='lat' dir='ltr'><strong>Toletano</strong></span> <span class='ocrx_word' id='word_1_666' title='bbox 747 5381 920 5454; x_wconf 88' lang='lat' dir='ltr'><strong>metropolis</strong></span> 
     </span>
     <span class='ocr_line' id='line_1_79' title="bbox 92 5468 920 5545; baseline -0.004 -17"><span class='ocrx_word' id='word_1_667' title='bbox 92 5471 206 5543; x_wconf 88' lang='lat' dir='ltr'><strong>aliquid</strong></span> <span class='ocrx_word' id='word_1_668' title='bbox 218 5472 297 5545; x_wconf 86' lang='lat' dir='ltr'><strong>juris</strong></span> <span class='ocrx_word' id='word_1_669' title='bbox 312 5472 418 5530; x_wconf 87' lang='lat' dir='ltr'><strong>habuit</strong></span> <span class='ocrx_word' id='word_1_670' title='bbox 430 5474 462 5530; x_wconf 92' lang='lat' dir='ltr'><strong>in</strong></span> <span class='ocrx_word' id='word_1_671' title='bbox 477 5473 609 5531; x_wconf 86' lang='lat' dir='ltr'><strong>Ecclesia</strong></span> <span class='ocrx_word' id='word_1_672' title='bbox 633 5471 836 5539; x_wconf 80' lang='lat' dir='ltr'><strong>Narbonensi3</strong></span> <span class='ocrx_word' id='word_1_673' title='bbox 867 5468 920 5526; x_wconf 89' lang='lat' dir='ltr'><strong>sed</strong></span> 
     </span>
     <span class='ocr_line' id='line_1_80' title="bbox 90 5559 920 5636; baseline -0.001 -20"><span class='ocrx_word' id='word_1_674' title='bbox 90 5559 232 5617; x_wconf 88' lang='lat' dir='ltr'><strong>mandato</strong></span> <span class='ocrx_word' id='word_1_675' title='bbox 241 5577 345 5636; x_wconf 85' lang='lat' dir='ltr'><strong>regum</strong></span> <span class='ocrx_word' id='word_1_676' title='bbox 357 5561 410 5620; x_wconf 94' lang='lat' dir='ltr'><strong>illa</strong></span> <span class='ocrx_word' id='word_1_677' title='bbox 421 5562 534 5620; x_wconf 85' lang='lat' dir='ltr'><strong>debant</strong></span> <span class='ocrx_word' id='word_1_678' title='bbox 546 5579 554 5619; x_wconf 91' lang='lat'>:</span> <span class='ocrx_word' id='word_1_679' title='bbox 566 5561 646 5634; x_wconf 88' lang='lat' dir='ltr'><strong>quod</strong></span> <span class='ocrx_word' id='word_1_680' title='bbox 654 5561 747 5635; x_wconf 84' lang='lat' dir='ltr'><strong>magis</strong></span> <span class='ocrx_word' id='word_1_681' title='bbox 757 5560 920 5617; x_wconf 84' lang='lat' dir='ltr'><strong>violentum</strong></span> 
     </span>
    </p>
   </div>
   <div class='ocr_carea' id='block_1_13' title="bbox 131 5675 500 5751">
    <p class='ocr_par' dir='ltr' id='par_1_13' title="bbox 131 5675 500 5751">
     <span class='ocr_line' id='line_1_81' title="bbox 131 5675 500 5751; baseline 0.019 -20"><span class='ocrx_word' id='word_1_682' title='bbox 131 5675 186 5750; x_wconf 63' lang='lat' dir='ltr'><strong>(aa)</strong></span> <span class='ocrx_word' id='word_1_683' title='bbox 201 5679 246 5748; x_wconf 81' lang='lat' dir='ltr'><strong>ro,</strong></span> <span class='ocrx_word' id='word_1_684' title='bbox 260 5694 288 5751; x_wconf 81' lang='lat' dir='ltr'><strong>q.</strong></span> <span class='ocrx_word' id='word_1_685' title='bbox 306 5679 333 5751; x_wconf 85' lang='lat' dir='ltr'><strong>o,</strong></span> <span class='ocrx_word' id='word_1_686' title='bbox 349 5693 374 5736; x_wconf 75' lang='grc' dir='ltr'><strong>ο.</strong></span> <span class='ocrx_word' id='word_1_687' title='bbox 391 5679 500 5738; x_wconf 72' lang='lat' dir='ltr'><strong>ersus.</strong></span> 
     </span>
    </p>
   </div>
   <div class='ocr_carea' id='block_1_14' title="bbox 974 4665 1806 5632">
    <p class='ocr_par' dir='ltr' id='par_1_14' title="bbox 974 4665 1806 5632">
     <span class='ocr_line' id='line_1_82' title="bbox 974 4665 1802 4739; baseline 0.005 -18"><span class='ocrx_word' id='word_1_688' title='bbox 974 4665 1105 4732; x_wconf 82' lang='lat' dir='ltr'><strong>tionibus</strong></span> <span class='ocrx_word' id='word_1_689' title='bbox 1116 4665 1447 4735; x_wconf 87' lang='lat' dir='ltr'><strong>annullabas,esserens</strong></span> <span class='ocrx_word' id='word_1_690' title='bbox 1458 4667 1537 4739; x_wconf 90' lang='lat' dir='ltr'><strong>quod</strong></span> <span class='ocrx_word' id='word_1_691' title='bbox 1550 4667 1739 4725; x_wconf 79' lang='lat' dir='ltr'><strong>bracarensis</strong></span> <span class='ocrx_word' id='word_1_692' title='bbox 1747 4671 1802 4726; x_wconf 84' lang='lat' dir='ltr'><strong>Ec·</strong></span> 
     </span>
     <span class='ocr_line' id='line_1_83' title="bbox 974 4754 1803 4830; baseline 0.005 -19"><span class='ocrx_word' id='word_1_693' title='bbox 974 4755 1066 4811; x_wconf 89' lang='lat' dir='ltr'><strong>clesia</strong></span> <span class='ocrx_word' id='word_1_694' title='bbox 1077 4755 1107 4810; x_wconf 90' lang='lat' dir='ltr'><strong>in</strong></span> <span class='ocrx_word' id='word_1_695' title='bbox 1123 4754 1274 4827; x_wconf 87' lang='lat' dir='ltr'><strong>praedictis</strong></span> <span class='ocrx_word' id='word_1_696' title='bbox 1285 4755 1504 4828; x_wconf 86' lang='lat' dir='ltr'><strong>episcopatibus</strong></span> <span class='ocrx_word' id='word_1_697' title='bbox 1515 4756 1629 4814; x_wconf 90' lang='lat' dir='ltr'><strong>nullam</strong></span> <span class='ocrx_word' id='word_1_698' title='bbox 1640 4759 1803 4830; x_wconf 88' lang='lat' dir='ltr'><strong>possessio-</strong></span> 
     </span>
     <span class='ocr_line' id='line_1_84' title="bbox 975 4842 1805 4919; baseline 0.004 -18"><span class='ocrx_word' id='word_1_699' title='bbox 975 4860 1045 4901; x_wconf 89' lang='lat' dir='ltr'><strong>nem</strong></span> <span class='ocrx_word' id='word_1_700' title='bbox 1061 4842 1199 4914; x_wconf 86' lang='lat' dir='ltr'><strong>obtinuit,</strong></span> <span class='ocrx_word' id='word_1_701' title='bbox 1217 4845 1322 4902; x_wconf 90' lang='lat' dir='ltr'><strong>etideo</strong></span> <span class='ocrx_word' id='word_1_702' title='bbox 1337 4845 1414 4901; x_wconf 90' lang='lat' dir='ltr'><strong>nihil</strong></span> <span class='ocrx_word' id='word_1_703' title='bbox 1428 4843 1458 4902; x_wconf 90' lang='lat' dir='ltr'><strong>iu</strong></span> <span class='ocrx_word' id='word_1_704' title='bbox 1470 4845 1513 4902; x_wconf 89' lang='lat' dir='ltr'><strong>eis</strong></span> <span class='ocrx_word' id='word_1_705' title='bbox 1528 4847 1651 4903; x_wconf 91' lang='lat' dir='ltr'><strong>omnino</strong></span> <span class='ocrx_word' id='word_1_706' title='bbox 1666 4847 1805 4919; x_wconf 78' lang='lat' dir='ltr'><strong>prascri-</strong></span> 
     </span>
     <span class='ocr_line' id='line_1_85' title="bbox 976 4933 1805 5008; baseline 0.005 -20"><span class='ocrx_word' id='word_1_707' title='bbox 976 4933 1044 5007; x_wconf 88' lang='lat' dir='ltr'><strong>psit.</strong></span> <span class='ocrx_word' id='word_1_708' title='bbox 1060 4933 1184 5002; x_wconf 85' lang='lat' dir='ltr'><strong>Deinde,</strong></span> <span class='ocrx_word' id='word_1_709' title='bbox 1201 4933 1225 4989; x_wconf 93' lang='lat' dir='ltr'><strong>si</strong></span> <span class='ocrx_word' id='word_1_710' title='bbox 1246 4934 1465 5006; x_wconf 88' lang='lat' dir='ltr'><strong>possessionem</strong></span> <span class='ocrx_word' id='word_1_711' title='bbox 1485 4934 1617 5008; x_wconf 92' lang='lat' dir='ltr'><strong>aliquam</strong></span> <span class='ocrx_word' id='word_1_712' title='bbox 1639 4935 1805 5006; x_wconf 84' lang='lat' dir='ltr'><strong>habuisset,</strong></span> 
     </span>
     <span class='ocr_line' id='line_1_86' title="bbox 976 5021 1804 5096; baseline 0.001 -18"><span class='ocrx_word' id='word_1_713' title='bbox 976 5021 1804 5096; x_wconf 67' lang='lat' dir='ltr'><strong>sententiaque&gt;superhislataprobatur,exEmeritensi</strong></span> 
     </span>
     <span class='ocr_line' id='line_1_87' title="bbox 976 5109 1806 5185; baseline 0.001 -18"><span class='ocrx_word' id='word_1_714' title='bbox 976 5109 1102 5167; x_wconf 90' lang='lat' dir='ltr'><strong>concilio</strong></span> <span class='ocrx_word' id='word_1_715' title='bbox 1113 5111 1171 5166; x_wconf 85' lang='lat' dir='ltr'><strong>vim</strong></span> <span class='ocrx_word' id='word_1_716' title='bbox 1182 5111 1376 5184; x_wconf 73' lang='lat' dir='ltr'><strong>praecedentis</strong></span> <span class='ocrx_word' id='word_1_717' title='bbox 1384 5111 1617 5185; x_wconf 72' lang='lat' dir='ltr'><strong>praescriptionis</strong></span> <span class='ocrx_word' id='word_1_718' title='bbox 1627 5112 1747 5184; x_wconf 88' lang='lat' dir='ltr'><strong>penitus</strong></span> <span class='ocrx_word' id='word_1_719' title='bbox 1757 5125 1806 5168; x_wconf 86' lang='lat' dir='ltr'><strong>va-</strong></span> 
     </span>
     <span class='ocr_line' id='line_1_88' title="bbox 977 5201 1806 5274; baseline 0 -18"><span class='ocrx_word' id='word_1_720' title='bbox 977 5201 1806 5274; x_wconf 73' lang='lat' dir='ltr'><strong>cussset.Sequentisveroprescriptiontseuectumpru-</strong></span> 
     </span>
     <span class='ocr_line' id='line_1_89' title="bbox 976 5289 1803 5364; baseline 0 -19"><span class='ocrx_word' id='word_1_721' title='bbox 976 5289 1028 5346; x_wconf 86' lang='lat' dir='ltr'><strong>lati</strong></span> <span class='ocrx_word' id='word_1_722' title='bbox 1039 5289 1128 5364; x_wconf 83' lang='lat' dir='ltr'><strong>legati</strong></span> <span class='ocrx_word' id='word_1_723' title='bbox 1139 5291 1288 5347; x_wconf 89' lang='lat' dir='ltr'><strong>sententia</strong></span> <span class='ocrx_word' id='word_1_724' title='bbox 1297 5290 1416 5364; x_wconf 88' lang='lat' dir='ltr'><strong>penitus</strong></span> <span class='ocrx_word' id='word_1_725' title='bbox 1424 5290 1593 5360; x_wconf 90' lang='lat' dir='ltr'><strong>interrupit.</strong></span> <span class='ocrx_word' id='word_1_726' title='bbox 1605 5290 1745 5361; x_wconf 86' lang='lat' dir='ltr'><strong>lpserero</strong></span> <span class='ocrx_word' id='word_1_727' title='bbox 1757 5306 1803 5345; x_wconf 87' lang='lat' dir='ltr'><strong>ar·</strong></span> 
     </span>
     <span class='ocr_line' id='line_1_90' title="bbox 977 5377 1804 5452; baseline -0.001 -16"><span class='ocrx_word' id='word_1_728' title='bbox 977 5379 1185 5451; x_wconf 85' lang='lat' dir='ltr'><strong>chlepiscopus</strong></span> <span class='ocrx_word' id='word_1_729' title='bbox 1195 5379 1384 5436; x_wconf 87' lang='lat' dir='ltr'><strong>Bracarensis</strong></span> <span class='ocrx_word' id='word_1_730' title='bbox 1395 5383 1499 5434; x_wconf 89' lang='lat' dir='ltr'><strong>contra</strong></span> <span class='ocrx_word' id='word_1_731' title='bbox 1507 5377 1713 5434; x_wconf 83' lang='lat' dir='ltr'><strong>reductionem</strong></span> <span class='ocrx_word' id='word_1_732' title='bbox 1724 5380 1804 5452; x_wconf 89' lang='lat' dir='ltr'><strong>epis-</strong></span> 
     </span>
     <span class='ocr_line' id='line_1_91' title="bbox 976 5465 1802 5541; baseline 0 -15"><span class='ocrx_word' id='word_1_733' title='bbox 976 5485 1119 5541; x_wconf 91' lang='lat' dir='ltr'><strong>coporum</strong></span> <span class='ocrx_word' id='word_1_734' title='bbox 1127 5485 1192 5541; x_wconf 77' lang='lat' dir='ltr'><strong>quar</strong></span> <span class='ocrx_word' id='word_1_735' title='bbox 1201 5467 1347 5526; x_wconf 89' lang='lat' dir='ltr'><strong>diciturin</strong></span> <span class='ocrx_word' id='word_1_736' title='bbox 1356 5465 1535 5523; x_wconf 86' lang='lat' dir='ltr'><strong>Emeritensi</strong></span> <span class='ocrx_word' id='word_1_737' title='bbox 1543 5466 1671 5523; x_wconf 91' lang='lat' dir='ltr'><strong>concilio</strong></span> <span class='ocrx_word' id='word_1_738' title='bbox 1683 5466 1802 5526; x_wconf 86' lang='lat' dir='ltr'><strong>decreto</strong></span> 
     </span>
     <span class='ocr_line' id='line_1_92' title="bbox 977 5554 1804 5632; baseline -0.001 -18"><span class='ocrx_word' id='word_1_739' title='bbox 977 5557 1122 5632; x_wconf 82' lang='lat' dir='ltr'><strong>synodico</strong></span> <span class='ocrx_word' id='word_1_740' title='bbox 1134 5561 1163 5615; x_wconf 86' lang='lat' dir='ltr'><strong>et</strong></span> <span class='ocrx_word' id='word_1_741' title='bbox 1169 5557 1276 5630; x_wconf 89' lang='lat' dir='ltr'><strong>judicii</strong></span> <span class='ocrx_word' id='word_1_742' title='bbox 1287 5556 1416 5615; x_wconf 89' lang='lat' dir='ltr'><strong>lormula</strong></span> <span class='ocrx_word' id='word_1_743' title='bbox 1426 5555 1504 5614; x_wconf 83' lang='lat' dir='ltr'><strong>tacta</strong></span> <span class='ocrx_word' id='word_1_744' title='bbox 1513 5554 1615 5628; x_wconf 87' lang='lat' dir='ltr'><strong>luisse,</strong></span> <span class='ocrx_word' id='word_1_745' title='bbox 1629 5556 1804 5630; x_wconf 87' lang='lat' dir='ltr'><strong>multiplici-</strong></span> 
     </span>
    </p>
   </div>
   <div class='ocr_carea' id='block_1_15' title="bbox 0 0 1990 6068">
    <p class='ocr_par' dir='ltr' id='par_1_15' title="bbox 0 0 1990 6068">
     <span class='ocr_line' id='line_1_93' title="bbox 0 0 1990 6068; baseline 0 5"><span class='ocrx_word' id='word_1_746' title='bbox 0 0 1990 6068; x_wconf 95' lang='lat' dir='ltr'><strong> </strong></span> 
     </span>
    </p>
   </div>
  </div>
 </body>
</html>
