3956 6056
26 329 33 340 ,
137 277 190 332 427

626 261 828 332 ruinosum
846 276 885 332 m
903 278 958 332 rr.
980 277 1216 336 ascesionnn
1235 279 1301 336 ua.
1321 279 1343 336 1.

1791 279 1850 336 428

138 417 229 458 sensu
237 400 366 475 partium
373 399 966 472 appellationeremotaccmmisimuster·
981 411 1010 474 Α
1024 421 1129 476 posses
1149 404 1275 462 ulterius
1296 401 1467 462 ministrare
1481 421 1489 475 ;
1506 404 1624 477 quihus,
1638 404 1674 461 de
1688 403 1780 462 rebus
1796 399 1856 461 tuis

140 489 325 548 minandam.
344 489 410 557 Qui,
426 488 503 546 sicut
524 506 559 544 ex
575 489 682 545 litteris
698 491 763 563 ejus
789 492 968 564 accepimus,

141 579 403 652 utriusquepartis
418 577 583 634 rationibus
598 579 718 651 plenius
733 580 904 648 intellectis,
916 596 969 652 pro

142 669 225 726 vohis
240 667 472 724 contradictum
487 667 642 723 Albertum
651 669 838 726 diffinitivam
850 676 969 726 senten·

61 755 66 763 “
142 759 214 815 tiam
230 756 444 830 promulgavit:
467 773 557 828 aqua
571 758 627 812 fnit
640 757 676 814 ad
698 764 831 814 nostram
847 759 970 814 audien-

143 850 214 904 tiam
227 846 420 919 appellatum.
430 847 513 901 Dicto
524 846 741 920 igituriflherto
752 853 782 903 ei
792 848 931 921 magistro
947 849 969 906 Ι.

144 945 173 994 et
185 938 215 994 V.
228 935 469 1009 procuratoribus
484 936 617 992 eeclesia]
627 942 730 992 vestrae
746 937 777 992 in
790 943 892 993 nostra
901 955 972 1009 pro-

143 1031 209 1100 pter
223 1027 279 1080 hoc
289 1025 449 1097 praesentia
461 1025 642 1094 constitutis,
654 1024 733 1083 idem
749 1026 889 1082 Albertus
904 1045 972 1099 pro-

142 1117 213 1172 bare
225 1112 431 1186 multipliciter
444 1114 594 1170 nitebatur
607 1116 788 1172 sententiam
805 1116 900 1187 ipsam
910 1117 971 1171 ini·
994 1110 1005 1121 '

142 1203 434 1284 quelatamfaisseac
442 1204 625 1275 propterhoo
636 1204 812 1260 deherenon
824 1205 972 1262 immerito

142 1294 295 1350 retractari
308 1309 315 1347 :
327 1292 415 1349 dictis
425 1293 668 1364 procuratoribus
686 1295 790 1350 vestris
810 1293 973 1350 defenden-

143 1383 222 1438 tibus
238 1382 419 1438 sententiam
435 1387 464 1436 et
479 1398 544 1436 earn
555 1383 724 1453 petentibus
736 1383 974 1439 confirmationis

143 1477 253 1528 nostra
268 1471 603 1545 praesidiocommuniri.
613 1474 670 1528 Nos
679 1472 778 1545 igitur,
789 1472 898 1528 auditis
907 1489 973 1543 quai

143 1561 345 1618 fueranthine
356 1561 426 1616 inde
434 1561 587 1633 proposita
595 1561 974 1634 etdiligentiusintellectis

145 1651 247 1708 habito
263 1651 353 1706 etiam
368 1666 435 1706 cum
451 1650 593 1706 fratribus
608 1652 718 1706 nostris
731 1667 821 1723 super
833 1651 890 1707 hoc
900 1650 972 1707 dili·

147 1739 226 1812 genti
241 1742 378 1805 tractatu,
394 1737 465 1794 licet
480 1755 515 1794 ex
529 1745 613 1810 parte
637 1740 730 1810 ipsius
743 1740 856 1796 hiberti
868 1739 974 1796 fuisset

1024 493 1142 550 condito
1159 501 1336 551 testamento
1364 500 1393 550 et
1407 494 1484 552 fecta
1497 495 1719 551 renuntiatione
1733 495 1766 552 in
1781 495 1858 552 scri-

1023 585 1092 656 ptis,
1102 584 1229 656 eligendi
1241 585 1414 656 pontificem
1423 589 1452 640 et
1462 583 1633 657 providendi
1646 584 1856 640 Ecclesiaesuae

1023 671 1194 728 facultatem
1217 673 1343 729 liberam
1367 673 1507 728 tribuisti.
1529 675 1599 728 Post
1625 673 1801 729 hacautem
1817 672 1857 728 ad

1025 763 1243 835 suggestionem
1257 769 1285 818 et
1295 762 1469 820 instantiam
1478 762 1675 834 quorumdam
1685 761 1815 819 militum
1826 766 1860 818 et

1025 851 1114 926 etiam
1124 851 1310 919 clericorum,
1328 851 1401 907 lead
1413 851 1615 924 episcopatum
1628 850 1859 924 denuoproprio

1025 945 1107 995 motu
1116 957 1244 1008 reverso,
1257 955 1324 996 cum
1332 941 1362 995 in
1373 946 1456 1012 parte
1468 940 1561 1011 ipsius
1570 940 1858 1011 dioecesistanquam

1026 1029 1182 1100 episcopus
1207 1030 1405 1098 ministrares,
1432 1030 1583 1102 aragones
1598 1034 1629 1084 et
1650 1028 1861 1084 Brabancones

1026 1134 1093 1173 cum
1117 1116 1221 1173 vicinis
1244 1117 1390 1173 militibus
1415 1117 1446 1172 in
1466 1117 1639 1173 manuforti
1655 1117 1861 1191 adUrgellen.

1027 1205 1182 1262 ecclesiam
1199 1212 1228 1261 et
1242 1207 1391 1262 hostiliter
1405 1206 1590 1275 accedentes
1607 1222 1672 1262 eam
1687 1205 1777 1262 honis
1792 1223 1862 1262 om-

1027 1295 1116 1350 nihus
1140 1294 1317 1366 spoliarunt,
1333 1311 1448 1367 pannos
1464 1296 1585 1364 sericos,
1602 1301 1780 1351 ornamenta
1793 1311 1864 1351 om·

1027 1384 1087 1451 nia,
1104 1383 1212 1439 calices
1228 1389 1258 1438 et
1272 1400 1376 1439 cruces
1390 1389 1546 1457 argenteas
1560 1389 1749 1456 asportantes
1765 1391 1795 1439 et
1805 1399 1863 1455 pa·

1028 1468 1178 1526 rochiaiiis
1193 1472 1329 1527 ducentis
1345 1477 1374 1527 et
1388 1472 1653 1544 amplius,clericis
1664 1473 1862 1528 etcanonicis

1028 1560 1064 1618 de
1078 1561 1191 1633 gremio
1202 1561 1297 1633 ipsius
1309 1562 1454 1618 violenter
1464 1561 1578 1618 eductis
1589 1567 1618 1617 et
1628 1562 1717 1618 etiam
1726 1563 1863 1634 captiva-

1029 1649 1077 1718 tis,
1094 1650 1251 1706 ecclesiam
1267 1650 1363 1722 ipsam
1377 1651 1557 1719 homicidiis,
1573 1649 1729 1707 adulteriis
1744 1656 1775 1706 et
1789 1649 1861 1706 aliis

1029 1738 1117 1794 variis
1132 1739 1333 1796 immunditiis
1354 1739 1472 1796 feritate
1493 1738 1641 1796 diabolica
1662 1740 1861 1812 polluerunt:

145 1829 330 1900 propositum
340 1825 418 1897 quod
427 1832 531 1883 contra
540 1827 667 1882 formam
675 1827 807 1884 mandati
823 1828 916 1884 nostri
927 1828 973 1883 di·
988 1801 1014 1866 Β
1029 1827 1138 1898 quibus
1150 1828 1290 1884 omnibus
1301 1832 1422 1900 propter
1431 1827 1624 1884 inutilitatem
1635 1833 1715 1886 tuam
1727 1834 1756 1884 te
1764 1845 1862 1902 oppo-

145 1916 374 1988 ctusepiscopns
385 1915 564 1971 sententiam
576 1917 823 1990 promulgaverat,
833 1918 909 1974 siout
919 1934 972 1989 per
1025 1933 1097 1972 nere
1113 1917 1235 1972 minime
1251 1918 1384 1988 potuisti.
1402 1916 1665 1974 Porrovidenshis
1677 1919 1765 1974 malis
1781 1935 1864 1990 prae-

144 2004 349 2061 attestationes
364 2005 515 2060 nitebatur
525 2006 662 2077 probare,
674 2007 852 2077 quietamen
859 2007 971 2080 judicis
1026 2005 1213 2062 venientibus
1236 2006 1315 2077 quod
1338 2006 1463 2062 ecclesia
1478 2006 1582 2062 eadem
1595 2006 1693 2064 denuo
1708 2005 1745 2063 ad
1761 2013 1864 2064 exue-

144 2094 262 2150 animus
278 2109 339 2148 non
352 2109 470 2164 semper
484 2092 521 2150 ad
536 2111 626 2151 unam
642 2095 825 2166 probationis
843 2096 971 2168 speciem
1027 2111 1106 2150 mam
1120 2095 1317 2150 inanitionem
1334 2096 1451 2166 penitus
1462 2095 1631 2152 devenisset
1645 2097 1821 2152 etsentiens
1832 2101 1863 2152 te

144 2183 307 2238 inclinatur
319 2187 349 2238 et
366 2182 430 2254 ipsa
451 2183 600 2240 sententia
621 2184 698 2240 nihil
720 2185 892 2241 continebat
914 2185 972 2240 ini·
1027 2181 1065 2238 ad
1080 2183 1173 2255 ipsius
1188 2183 1327 2239 Ecclesia
1342 2185 1475 2257 regimen
1485 2185 1623 2241 inutilem
1636 2189 1666 2240 et
1675 2185 1864 2241 insufficien-

145 2287 248 2344 quum,
258 2275 288 2326 et
296 2271 392 2328 eidem
399 2271 494 2344 judici
505 2273 541 2328 de
551 2274 702 2330 communi
711 2290 835 2330 assensu
843 2275 972 2346 partium

146 2377 235 2418 cansa
245 2359 343 2416 fuerat
355 2360 556 2432 appellatione
567 2367 683 2440 remota
692 2363 862 2430 commissa,
876 2362 974 2433 qui,nt

147 2449 325 2505 sententiam
350 2449 451 2517 ferret,
477 2455 545 2522 post
560 2451 810 2508 examinationem
826 2468 922 2508 causas
936 2451 973 2508 ah

145 2537 973 2614 utraquepartiumfueratrequisitus‚sententiamipsam

147 2628 183 2684 de
198 2628 324 2684 fratrum
340 2631 510 2684 nostrorum
526 2630 650 2686 consilio
666 2631 841 2687 auctoritate
856 2631 974 2686 curavi-

147 2735 213 2774 mus
228 2717 391 2790 apostolica
401 2717 578 2774 confirmare
590 2736 624 2775 ae
635 2736 701 2775 eam
712 2737 765 2791 por
776 2719 975 2777 venerabilem

147 2808 272 2864 fratrem
285 2812 420 2861 nostrum
438 2809 469 2862 P.
485 2810 624 2864 Portuen.
642 2809 815 2881 episcopum
835 2809 977 2866 diffinivi-

149 2911 215 2950 mus
231 2894 453 2950 ohservandam.
477 2897 670 2954 Decernimns
685 2914 754 2970 ergo
769 2904 802 2954 ut
816 2898 890 2953 nulli
907 2915 975 2954 orn-

149 2985 231 3050 nino,
245 2988 300 3039 etc.

186 3075 293 3130 Datum
309 3073 456 3142 Laterani,
472 3091 499 3128 vr
514 3073 583 3130 Idus
596 3076 775 3132 Decembris.

494 3181 638 3236 CCCCLll.

410 3283 560 3323 osannam.
581 3285 719 3325 miscere.

277 3359 513 3413 denuntiationem
527 3360 696 3430 episcopatus
714 3361 859 3431 approbat.

420 3458 538 3527 (Datum
557 3457 716 3531 Laterani.)

193 3561 467 3619 Sicutvenernbiles
482 3563 589 3620 fratres
607 3564 700 3620 nostri
722 3566 918 3622 Tarraconen.
934 3581 981 3622 ar·

157 3653 365 3726 ohiepiscopus
381 3659 410 3708 et
422 3653 600 3726 suffraganei
616 3654 680 3726 ejus
695 3655 758 3711 suis
773 3654 859 3711 nobis
873 3655 982 3712 litteris

157 3743 344 3810 intimarunt,
359 3744 438 3798 inter
450 3744 559 3798 multas
574 3743 782 3800 tribulationes
793 3745 981 3817 etangustias

156 3849 222 3903 quaa
238 3833 415 3888 invenerunt
428 3849 482 3888 nos
497 3832 588 3888 nimis
605 3833 787 3905 temporibus
803 3835 862 3889 tuis
872 3840 980 3907 etpro-

154 3925 220 3992 pter
234 3919 479 3976 insufficientiam
493 3925 587 3988 tuam,
598 3921 761 3978 Ecclesiam
777 3923 980 3996 Urgellensem

155 4027 210 4066 nec
225 4015 348 4081 possent
358 4008 446 4065 facile
462 4014 583 4080 propter
597 4010 820 4067 multitudinem
835 4028 977 4079 enarrari,

154 4096 249 4169 culpe
264 4103 322 4152 tua
333 4096 408 4152 illud
418 4095 595 4167 imputariet
605 4102 758 4168 poteratet
768 4098 981 4170 debebatqnod

154 4201 222 4240 cum
238 4185 441 4257 episcopatum
466 4183 574 4255 ipsum,
590 4189 623 4238 ut
636 4183 715 4240 fama
729 4189 864 4255 testatur,
881 4189 981 4244 minus

155 4273 299 4329 canonice
312 4273 405 4330 fueris
416 4278 580 4342 assecutus,
592 4272 672 4346 quod
683 4273 759 4330 male
773 4292 915 4347 coeperas,
930 4277 980 4333 de-

155 4364 256 4421 teriori
275 4365 355 4420 exitu
374 4363 546 4419 conclusisti
560 4381 567 4430 ς
584 4379 651 4419 cum
667 4363 788 4420 difficile
806 4365 843 4421 sit
856 4372 889 4421 ut
902 4366 980 4422 bono

152 4458 332 4526 peragantur
340 4453 419 4508 exitu
428 4470 494 4525 quae
505 4457 575 4510 sunt
583 4453 662 4508 malo
672 4453 809 4510 inchoata
821 4455 978 4527 principio.

155 4546 262 4598 Verum
277 4559 346 4600 cum
362 4549 494 4615 tempore
510 4543 689 4615 procedente
700 4543 779 4602 mala
787 4545 980 4618 publicaren-
994 4537 1021 4602 D

153 4638 202 4690 tur
216 4631 332 4688 interra
343 4648 397 4687 nec
410 4632 638 4688 imminentibus
648 4633 788 4705 periculis
797 4651 946 4707 opponere
957 4641 983 4690 te

153 4722 292 4788 auderes,
317 4726 351 4777 ut
373 4726 516 4792 tanquam
536 4738 655 4776 murum
672 4726 700 4776 te
714 4723 812 4795 ipsum
825 4741 878 4796 pro
895 4725 983 4781 domo

153 4811 244 4866 lsrael
256 4826 372 4882 ponens
385 4808 562 4865 ascenderes
576 4826 611 4864 ex
624 4810 746 4866 adverso
762 4817 801 4880 et,
818 4812 849 4867 in
862 4812 910 4868 die
927 4815 982 4870 ilo·

154 4901 238 4969 mini,
255 4901 332 4956 sicut
346 4898 458 4956 athleta
471 4897 580 4954 Christi
591 4898 708 4954 fortiter
718 4899 886 4970 dimicares,
898 4902 983 4958 insa-

152 4989 255 5046 lutatis
278 4986 419 5043 fratrihus
449 4985 584 5042 clanculo
613 4988 780 5054 recessisti;
806 4994 838 5044 ut
860 5006 894 5044 ει
908 4990 981 5060 ipsis

1028 2276 1087 2327 tom
1113 2271 1249 2340 existere,
1272 2272 1378 2327 iterato
1402 2272 1579 2329 renuntians
1602 2274 1861 2356 renuntiationem

1028 2360 1124 2432 ipsam
1132 2360 1218 2416 bonai
1227 2361 1378 2417 memoriae
1389 2361 1863 2435 Caelestinopapaepraedecessor¹

1028 2456 1130 2506 nostro
1153 2455 1182 2506 et
1199 2451 1412 2508 Tarraconensi
1431 2453 1565 2508 ecclesiae
1580 2468 1634 2523 per
1648 2451 1764 2508 litteras
1779 2452 1862 2508 indi-

1029 2541 1102 2596 casti
1128 2545 1166 2609 et,
1189 2547 1334 2612 quantum
1359 2542 1435 2598 inte
1456 2541 1522 2597 fuit.
1539 2542 1691 2598 canonicis
1707 2541 1860 2617 Urgellen.

1031 2629 1158 2701 eligendi
1179 2629 1235 2685 sihi
1250 2636 1399 2702 pastorem
1416 2629 1544 2686 tribuisti
1560 2629 1659 2686 denuo
1675 2630 1862 2687 facultatem.

1031 2717 1114 2774 Unde
1128 2735 1181 2790 pro
1197 2719 1243 2774 his
1259 2723 1289 2774 et
1302 2718 1368 2775 aliis
1384 2719 1485 2774 multis
1499 2719 1615 2791 praefati
1626 2721 1756 2792 episcopi
1772 2719 1863 2776 nobis

1032 2823 1168 2880 persnas
1183 2807 1297 2864 litteras
1320 2807 1526 2880 supplicarunt
1540 2813 1574 2863 ut
1588 2809 1755 2889 cessionem
1777 2813 1863 2866 tuam

1032 2901 1126 2952 ratam
1142 2896 1297 2966 habentes,
1314 2897 1390 2953 sieut
1401 2898 1488 2954 etiam
1501 2901 1532 2953 tu
1548 2897 1611 2970 ipse
1621 2897 1733 2954 anobis
1743 2915 1797 2970 per
1810 2898 1866 2954 lit-

1032 2989 1111 3040 teras
1119 2985 1255 3056 proprias
1267 2986 1435 3057 postulasti,
1450 2985 1602 3042 canonicis
1611 2987 1779 3059 saepedictis
1789 2987 1865 3043 lihe-

1032 3090 1096 3130 ram
1107 3073 1246 3130 daremus
1252 3074 1404 3130 licentiam
1414 3075 1551 3148 eligendi.
1563 3076 1635 3131 Cum
1647 3076 1865 3148 itaquesecun-

995 3162 1291 3238 Gdumhpostolum
1301 3163 1443 3220 instantia
1453 3163 1738 3236 nostraquotidiana
1748 3166 1865 3221 sitam·
1967 3205 1968 3224 i

1033 3252 1118 3306 nium
1133 3250 1332 3306 Ecclesiamm
1347 3252 1517 3309 sollicitudo
1534 3253 1684 3322 continua,
1695 3270 1750 3310 nos
1765 3259 1796 3310 et
1807 3271 1863 3310 ne·

1035 3340 1222 3396 cessitatibus
1233 3340 1380 3414 Urgellen.
1392 3342 1531 3398 Ecclesia
1540 3342 1683 3412 inclinati,
1694 3359 1759 3415 qnae
1769 3360 1823 3416 per
1834 3349 1864 3401 te

1035 3447 1095 3486 non
1111 3435 1211 3502 posset
1233 3429 1269 3486 de
1293 3430 1360 3486 lacu
1383 3431 1511 3487 miseria
1527 3431 1658 3501 liberari,
1675 3437 1703 3488 et
1717 3437 1777 3488 tam
1794 3433 1863 3506 ejus

1036 3535 1125 3591 quam
1141 3519 1363 3590 praemissorum
1377 3519 1592 3592 archiepiscopi
1608 3526 1637 3577 et
1651 3521 1864 3593 episcoporum

1035 3608 1178 3680 petitione
1189 3608 1305 3676 devicti,
1317 3609 1568 3665 renuntiationem
1579 3616 1659 3666 tuam
1669 3616 1792 3684 urgente
1808 3628 1866 3668 ne-

1035 3699 1171 3754 cessitate
1185 3699 1370 3771 suscepimus
1385 3704 1415 3754 et
1429 3705 1457 3754 te
1468 3699 1656 3773 apontiticali
1671 3717 1761 3756 onere
1775 3702 1864 3773 pari-

1035 3793 1081 3844 ter
1095 3793 1124 3843 et
1138 3788 1262 3855 honoro,
1279 3805 1344 3859 quae
1359 3783 1521 3844 secundum
1539 3787 1728 3845 traditionem
1738 3791 1867 3846 canoni-

1036 3893 1101 3932 cam
1116 3893 1176 3932 non
1185 3882 1255 3932 sunt
1265 3875 1301 3932 ab
1311 3876 1437 3932 invicem
1446 3877 1622 3950 regulariter
1632 3878 1868 3949 separanda,sic·

960 4013 965 4024 .
1036 3971 1069 4020 ut
1083 3970 1114 4019 tu
1130 3965 1228 4020 minus
1241 3965 1360 4038 provide
1382 3965 1479 4022 facere
1506 3967 1668 4040 satagebas,
1685 3967 1735 4040 qui
1752 3969 1868 4040 rejecta

1036 4053 1135 4108 oneris
1150 4054 1267 4109 sarcina
1281 4054 1426 4110 honorem
1442 4053 1495 4109 tibi
1509 4055 1639 4111 retinere
1663 4054 1791 4122 volebas,
1811 4073 1869 4112 an-

1035 4142 1171 4197 ctoritate
1178 4142 1411 4214 prmsentiumdc
1419 4143 1545 4198 consilio
1556 4143 1680 4199 fratmm
1692 4147 1866 4200 nostrorum

1036 4230 1226 4287 decernimus
1241 4231 1420 4300 ahsolutum,
1436 4237 1468 4287 ut
1483 4232 1513 4287 in
1525 4232 1656 4288 Ecclesia
1670 4232 1707 4287 de
1718 4232 1867 4304 Aspirano

1035 4320 1094 4375 Deo
1122 4320 1231 4388 valeas,
1261 4321 1337 4376 sicut
1361 4337 1378 4376 a
1397 4322 1484 4378 nobis
1504 4339 1539 4378 cx
1561 4328 1644 4395 parte
1661 4327 1710 4378 tua
1725 4323 1867 4395 petitum,

1035 4409 1141 4466 amodo
1158 4409 1316 4477 deservire,
1332 4410 1503 4467 facultatem
1524 4411 1576 4466 tibi
1604 4411 1727 4467 liberam
1752 4429 1867 4468 conce-

1036 4499 1149 4554 dentes.
1164 4499 1241 4555 Nulli
1256 4515 1323 4572 ergo
1340 4500 1473 4568 omnino,
1490 4505 1546 4555 etc.

1073 4590 1178 4644 ilatum
1195 4589 1339 4645 Laterani.

1374 4687 1531 4742 coccum.

1298 4791 1429 4831 cleirano
1450 4791 1600 4831 uacaturus.

1112 4876 1144 4928 Ut
1157 4889 1254 4928 iiouam
1271 4873 1396 4930 Ecclesiae
1410 4890 1465 4930 sita
1480 4875 1636 4945 episcopum
1647 4875 1794 4944 proficiat.

1307 4973 1425 5043 (Datum
1441 4977 1470 5027 ut
1485 4971 1592 5042 supro.)

153 5079 518 5153 operibusmercenarinm
531 5076 581 5148 qui
592 5077 693 5132 videns
704 5078 981 5149 lupumvenientem
1075 5082 1155 5136 Sicut
1170 5079 1346 5135 venerabilis
1361 5079 1452 5134 frater
1467 5083 1569 5134 noster
1584 5080 1792 5144 Tarraconen„
1808 5083 1867 5134 etc.

154 5173 278 5228 dimittit
292 5187 359 5226 oves
372 5169 494 5242 etfugit,
507 5175 533 5223 te
547 5167 732 5237 ostenderes,
745 5177 982 5243 nonpastcrem;
1038 5173 1138 5240 sercin
1167 5170 1289 5226 ausitidem
1308 5170 1416 5223 iliadum
1436 5174 1565 5239 utsupra
1589 5185 1674 5238 usque
1697 5168 1868 5222 adverbum

155 5269 184 5316 et
195 5263 345 5336 ingressus
357 5259 570 5314 monasterium
580 5258 615 5313 de
628 5258 985 5329 aspirancubapostolica
1039 5259 1246 5316 concedentes.
1264 5259 1403 5313 Nolentes
1419 5257 1509 5329 igitur
1524 5262 1556 5310 ut
1569 5256 1701 5312 Ecclesia
1716 5260 1823 5322 vestra,
1838 5256 1868 5310 in

157 5349 226 5404 sede
242 5349 363 5403 licentia
383 5365 443 5403 non
459 5349 560 5420 petita,
575 5347 620 5401 cui
638 5347 693 5400 soli
710 5347 916 5417 episcoporum
932 5347 981 5400 dc·
1040 5349 1137 5404 medio
1154 5347 1283 5402 tuitionis
1299 5363 1443 5418 perversae
1459 5346 1568 5416 posita,
1584 5363 1637 5417 pro
1659 5345 1777 5400 defectu
1792 5361 1869 5416 prm·

158 5438 276 5510 positio,
296 5440 391 5494 cessio
408 5443 437 5494 et
452 5438 606 5492 translatio
632 5441 808 5502 reservatur,
836 5435 982 5510 Urgellen.
1039 5438 1091 5494 lati
1103 5434 1356 5492 maneatulterius
1367 5434 1500 5490 desolata
1511 5439 1539 5488 et
1553 5435 1633 5507 gregi
1646 5433 1800 5489 [lominica
1816 5433 1867 5488 diu

159 5525 310 5582 canonicis
322 5545 374 5598 per
385 5527 499 5582 litteras
515 5526 651 5580 indicasti
668 5523 744 5596 iiiiod
759 5531 878 5596 propter
895 5527 984 5581 insuf-
1032 5527 1117 5582 ‘desit
1133 5523 1350 5596 curapastoris,
1362 5523 1545 5578 universitati
1561 5527 1664 5577 restrae
1680 5539 1733 5594 per
1747 5527 1868 5594 aposto·

160 5613 563 5670 ficientiametoccultamtui
575 5613 984 5686 eorp01=isegritudinemn0n
1038 5617 1096 5672 lica
1111 5613 1221 5684 scripta
1244 5612 1420 5669 mandamus
1442 5617 1589 5683 quatenus
1608 5611 1819 5668 convenientes
1835 5611 1867 5666 in
