3952 6070
193 174 263 253 1003
648 249 649 256 ¹
681 171 882 230 INNOCEN'III
900 171 939 226 111
957 169 1012 225 1³1³.
1033 166 1267 225 flauasaouuu
1286 168 1353 224 LIB.
1374 167 1407 222 V.
1857 165 1926 218 1001

193 313 268 386 ipsis
279 313 450 387 juramento
464 319 584 386 recepto
608 313 686 387 quod
711 316 767 372 hoc
786 313 934 371 malitiose
958 329 1019 369 non
1033 293 1061 359 Α
1077 327 1170 366 nuere
1185 311 1297 366 curavit
1316 326 1347 365 se
1366 307 1495 381 benigne
1518 305 1754 390 ethonorilfcea
1772 305 1924 361 beatitu-

192 402 336 470 faoerent,
358 402 497 460 audirent
510 407 540 458 et
563 404 594 459 in
618 404 736 476 scriptIs
751 404 929 476 redigerent,
952 418 1018 472 quae
1072 399 1141 456 dine
1157 404 1255 454 vestra
1270 415 1335 454 esse
1360 402 1532 468 susceptum
1547 403 1577 452 et
1592 400 1763 464 tractatum,
1784 399 1819 451 et
1840 398 1923 467 quoi

194 509 283 565 super
298 491 422 564 objectis
433 492 608 549 criminibus
618 511 687 566 pars
702 500 799 550 vestra
813 499 917 550 contra
928 497 1018 548 testes
1073 489 1211 547 omnibns
1226 487 1421 561 petitionibus
1436 487 1546 543 nostris
1562 501 1648 541 aures
1662 485 1790 558 pietatis
1808 491 1922 540 vestre

192 581 361 654 praedictos,
372 581 417 638 vel
432 599 501 654 pars
513 583 606 638 altera
621 589 725 640 contra
739 589 860 652 vestros,
877 583 1020 638 ducerent
1073 579 1230 654 diligenter
1240 583 1269 634 et
1278 577 1438 634 efficaciter
1448 574 1679 642 accomodastis;
1691 573 1775 646 quod
1787 574 1919 645 quidem

192 669 397 744 proponenda,
414 676 443 726 et
455 687 489 726 ea
504 671 590 727 nobis
605 672 758 728 mitterent
769 672 823 728 snb
840 685 960 727 suarum
976 674 1020 724 tc·
1073 670 1214 726 melitlnis
1245 668 1352 723 litterIs
1372 665 1478 722 vestris
1505 665 1660 738 perspicue
1681 663 1918 719 intelleximus.

193 759 334 818 stimonio
350 761 529 831 litterarum,
554 761 662 817 festum
678 763 817 818 Omnium
844 763 1019 817 Sanctorum
1074 760 1167 831 Super
1195 757 1242 814 his
1258 757 1397 813 omnibus
1419 755 1570 828 prensus
1595 759 1704 810 sancte
1727 753 1919 826 paternitati

192 865 246 922 pro
268 849 365 906 edicto
380 851 581 922 peremptorio
597 851 730 923 partibas
745 851 941 923 assignantes,
960 865 1020 920 quo
1073 855 1176 905 vestrae
1198 848 1361 921 gratiarum
1385 845 1517 902 actiones
1545 843 1724 900 exsolvimus
1754 842 1918 898 assiduas.
1945 839 1946 844 ’

192 939 342 1012 recepturi
357 939 537 996 sententiam
553 945 655 997 nostro
666 957 697 996 se
709 941 881 1013 conspectui
891 955 1021 1013 prasen-
1073 938 1202 1012 [Precari
1218 941 1318 993 autem
1334 941 1363 992 et
1383 935 1532 991 exhortari
1547 951 1602 990 nos
1617 933 1764 1000 voluistis,
1785 937 1826 987 ut
1850 949 1919 986 con·
1945 951 1946 956 ¹

193 1028 359 1097 tarent;ad
374 1029 491 1102 quodsi
507 1029 710 1102 quapartiam
730 1013 831 1085 venire
846 1033 1020 1085 contemne·
1074 1032 1120 1084 tra
1135 1031 1257 1083 conatus
1274 1031 1304 1081 et
1317 1025 1472 1081 violentias
1494 1038 1675 1097 paganorum
1699 1038 1755 1078 nos
1784 1038 1915 1077 murum

192 1122 249 1187 ret,
260 1133 316 1173 nos
328 1116 524 1174 nibilominus
532 1117 761 1190 procederemus
772 1117 803 1174 in
814 1133 913 1186 causa,
925 1133 1021 1188 quan·
1074 1131 1293 1189 opponeremus
1308 1113 1538 1170 ascendentibus
1552 1129 1587 1169 ex
1602 1112 1735 1168 adverso.
1752 1111 1851 1177 Quod
1867 1115 1914 1182 qui
1945 1183 1946 1200 ¹

193 1206 387 1279 tumjnstitia
403 1211 565 1280 pateretur.
582 1207 784 1264 Mandavimus
800 1207 890 1263 etiem
906 1206 1019 1262 eisdem
1073 1206 1143 1262 dem
1159 1205 1288 1278 qualiter
1310 1204 1454 1260 hactenus
1477 1202 1647 1270 fecerimus,
1667 1205 1788 1270 vestrae,
1827 1209 1915 1272 prout
1945 1219 1946 1260 l

194 1295 352 1368 episcopis,
368 1300 402 1352 ut
416 1296 570 1370 privilegia
585 1296 746 1367 Pascbalis,
763 1297 884 1370 Eugenii
904 1302 934 1352 et
948 1297 1020 1351 Ale·
1074 1294 1234 1364 credimus,
1244 1311 1305 1350 uon
1316 1292 1604 1366 exstatinoognitum
1615 1290 1807 1364 paternitati,
1824 1296 1913 1360 atqu<
1945 1267 1946 1314 ³

193 1384 311 1454 xandri,
324 1389 353 1442 et
367 1385 426 1440 alia
442 1386 612 1442 communia
631 1385 810 1443 documenta
825 1402 891 1457 quaa
913 1385 1022 1457 Garga·
1075 1385 1229 1441 decaetero
1244 1401 1296 1456 pro
1312 1383 1376 1455 lege
1387 1387 1489 1438 nostra
1500 1385 1531 1437 et
1548 1380 1721 1436 defensione
1737 1377 1816 1434 fidei
1829 1379 1914 1434 Chri-

195 1475 256 1531 nici
269 1475 473 1547 requirebant,
489 1476 545 1532 sibi
558 1477 691 1533 facerent
706 1492 759 1549 per
770 1492 911 1532 censuras
926 1475 1021 1530 eccle·
1065 1474 1189 1550 petianese,
1200 1471 1518 1544 munitivestragratia,
1529 1469 1712 1526 fortitudinIs
1723 1473 1849 1524 nostrae
1861 1468 1912 1538 clv·

195 1562 329 1622 siasticas
350 1565 483 1622 exhiberi
499 1571 530 1620 et
544 1581 579 1622 ea
593 1566 678 1622 nobis
692 1565 825 1638 [dirigere
839 1583 899 1621 non
916 1565 1020 1620 differ·
1074 1579 1163 1636 peum
1179 1564 1209 1619 in
1225 1579 1315 1618 mana
1334 1561 1402 1616 forti
1416 1567 1445 1616 et
1458 1560 1580 1616 brachio
1593 1563 1711 1615 extento
1722 1563 1841 1614 contra
1852 1557 1911 1612 bar·

193 1659 274 1712 rent.
285 1654 379 1711 lidem
390 1671 458 1727 ergo
470 1654 610 1728 episcopi,
621 1655 709 1727 juxta
721 1654 894 1711 mandatum
905 1656 1024 1725 aposto·
1038 1652 1065 1716 B
1078 1651 1194 1706 haricus
1209 1651 1347 1706 nationes
1366 1665 1561 1720 opponemus,
1577 1662 1732 1720 quousque
1750 1645 1912 1702 desidera-

199 1743 291 1801 licum
304 1742 510 1816 procedentes,
530 1747 705 1817 receperunt
726 1749 816 1800 testes
840 1742 876 1799 ab
898 1749 1024 1814 atraque
1080 1747 1142 1796 tam
1164 1739 1330 1796 subsidium
1359 1738 1446 1795 nobis
1466 1738 1601 1794 mittatis.
1627 1736 1791 1792 llaudastis
1826 1737 1910 1790 nobis
1945 1759 1946 1764 ¹

201 1838 285 1904 parte
299 1833 459 1905 productos
474 1839 503 1888 et
523 1839 584 1890 tam
600 1834 802 1906 depositiones
818 1849 921 1888 eorum
937 1847 1026 1904 quam
1078 1846 1156 1902 saepe
1166 1829 1312 1900 etsaepius
1322 1828 1395 1901 (167)
1406 1827 1486 1900 quod
1497 1833 1666 1883 teneremus
1679 1841 1787 1899 pacem
1805 1827 1911 1880 Antio-

200 1921 352 1994 privilegia
368 1938 434 1994 quae
445 1922 518 1994 ipsis
529 1923 651 1978 fuerunt
664 1939 681 1978 a
696 1922 860 1995 SipoutInis
884 1921 1026 1989 exhibita,
1080 1919 1154 1976 chiae
1170 1922 1200 1974 et
1222 1918 1324 1974 comiti
1351 1917 1552 1990 Tripolitana:
1577 1915 1656 1988 quod
1678 1913 1794 1971 amoris
1822 1917 1910 1970 vestri

199 2009 286 2067 noble
301 2009 355 2066 snb
373 2009 479 2082 sigillis
502 2011 563 2067 suis
579 2011 705 2085 dirigere
721 2015 931 2084 procurarunt.
948 2010 1028 2066 Licet
1077 2009 1170 2082 gratia
1181 2024 1261 2063 nnnc
1275 2023 1370 2078 usque
1381 2007 1456 2062 bene
1467 2006 1695 2062 observavimus.
1710 2005 1828 2061 Verum
1837 2005 1910 2060 nulli
1945 2025 1946 2090 p

199 2103 299 2156 autem
314 2098 351 2155 ad
365 2100 522 2171 prastlxum
542 2100 625 2156 vobIs
649 2100 812 2156 terminum
837 2115 907 2172 pars
930 2103 1027 2154 vestra
1077 2099 1177 2154 veniat
1191 2097 1221 2152 in
1237 2095 1458 2167 dubiumquod,
1468 2111 1521 2168 per
1535 2095 1586 2150 Dei
1601 2095 1737 2168 gratiam,
1750 2095 1837 2150 bene
1854 2111 1910 2150 non
1945 2093 1946 2132 t

198 2203 260 2244 non
274 2188 398 2256 veniret,
410 2189 471 2245 imo
486 2205 542 2244 nec
553 2194 620 2261 post
634 2189 797 2245 terminum
813 2187 902 2244 etiam
915 2187 1026 2243 diutius
1077 2186 1240 2243 habeamus
1255 2201 1342 2258 posse
1354 2185 1608 2240 antiochenorum
1628 2185 1868 2257 repugnantiam
1887 2191 1910 2237 et

199 2281 378 2349 exspectata,
395 2293 454 2348 qua
469 2283 569 2334 umen
584 2278 730 2334 terminus
750 2278 813 2350 ipse
827 2276 1026 2350 peremptorie
1077 2275 1232 2333 andaciam
1247 2273 1428 2346 refrenare]
1444 2271 1596 2340 Quomodo
1611 2277 1710 2330 autem
1733 2277 1765 2328 et
1779 2273 1911 2344 qualiter

198 2365 283 2423 vobis
295 2365 393 2422 fuerat
416 2367 584 2440 assIgnatus
604 2371 633 2422 et
648 2365 784 2422 absentia
806 2370 903 2423 vestra
928 2365 1027 2420 divina
1077 2381 1173 2437 nuper
1188 2365 1344 2420 adversum
1355 2379 1410 2418 nos
1427 2379 1458 2419 se
1472 2363 1649 2431 habuerunt,
1661 2367 1799 2418 sanctam
1814 2369 1908 2435 pater·

199 2455 358 2528 praesentia
366 2455 569 2528 supplebatur,
578 2454 782 2512 dictatestiam
793 2455 1026 2512 examinavimus
1078 2455 1203 2511 nitatem
1213 2458 1340 2509 vestram
1352 2452 1443 2508 latere
1456 2451 1606 2509 nolumus.
1623 2452 1769 2508 lliserunt
1785 2453 1907 2508 nuntios
1945 2463 1946 2490 t

199 2544 358 2619 diligenter
368 2549 397 2602 et
409 2545 549 2603 omnibus
565 2563 630 2618 qaas
645 2546 785 2617 utrinque
797 2544 948 2618 proposita
961 2544 1027 2600 fue-
1079 2562 1148 2602 suos
1159 2559 1258 2600 comes
1276 2542 1476 2615 Tripolitanae
1496 2548 1525 2598 et
1535 2543 1711 2600 Antioohoni
1721 2542 1760 2598 ad
1771 2545 1907 2600 Roconc

198 2641 268 2692 rant
292 2635 411 2708 plenius
438 2635 611 2704 intellectis,
642 2635 832 2709 cognovimus
857 2633 1025 2704 manifeste,
1078 2633 1192 2701 dinum,
1209 2632 1305 2688 crucis
1321 2630 1475 2687 inimicum
1493 2632 1739 2688 etadversarium
1755 2639 1904 2690 nostrum.
1945 2631 1946 2642 ¹

199 2723 279 2794 quod
294 2723 370 2780 nihil
385 2724 585 2798 aGarganiois
599 2724 697 2780 fuerat
720 2723 904 2780 sufficienter
925 2729 1027 2779 osten·
1079 2729 1108 2780 et
1124 2726 1229 2780 contra
1243 2737 1299 2778 nos
1315 2737 1346 2777 se
1357 2721 1384 2777 ei
1399 2720 1595 2795 alligaverunt
1612 2727 1643 2777 et
1659 2721 1828 2779 machinati
1842 2730 1905 2779 sunt

199 2828 277 2881 sum,
289 2829 342 2884 per
356 2812 436 2884 quod
451 2812 587 2885 ejusdem
596 2813 756 2869 Alexandri
768 2811 891 2869 deberet
906 2817 1027 2868 senten·
1078 2812 1115 2870 ad
1138 2811 1264 2869 invicem
1282 2809 1361 2882 quod
1380 2809 1589 2867 Iioconodinus
1616 2811 1850 2868 crudelissImus
1875 2829 1905 2867 ex

198 2901 241 2956 tia
253 2901 419 2958 retractari.
441 2903 537 2970 Quare
556 2901 653 2974 ipsam
666 2903 702 2958 de
714 2902 839 2959 fratrum
855 2901 979 2959 consilio
994 2902 1026 2958 in
1076 2913 1138 2960 una
1159 2905 1254 2974 parto,
1274 2916 1374 2958 comes
1399 2899 1599 2973 Tripolitanae
1614 2907 1644 2958 et
1665 2901 1852 2960 Antiocheni
1875 2920 1905 2957 er

198 2990 376 3047 consistorio
389 2996 491 3047 nostro
500 3007 555 3064 per
568 2990 756 3047 diffinitivam
768 2992 1023 3049 sententiamvoce
1037 3013 1062 3081 G
1077 2993 1181 3058 altera,
1197 3007 1252 3047 nos
1266 2991 1409 3046 infestare
1424 3007 1486 3046 non
1501 2996 1664 3060 cessarent,
1679 2991 1776 3048 donec
1788 3009 1807 3049 a
1824 2993 1904 3066 regni

198 3079 262 3135 viva
277 3079 517 3136 confirmavimus
527 3084 557 3135 et
570 3080 751 3136 nuncetiam
763 3081 937 3137 auctoritate
951 3097 1023 3153 apo·
1076 3079 1150 3138 solio
1161 3095 1215 3134 nos
1226 3077 1777 3148 eIIminarent.Quodcumaudivaus,
1787 3087 1906 3136 nostros

199 3167 303 3225 stolica
331 3169 553 3240 confirmamus,
583 3173 640 3226 etc.
674 3185 769 3242 nsque
791 3169 1022 3228 communimus.
1075 3169 1213 3226 misimus
1237 3167 1449 3240 exploratores,
1475 3167 1526 3240 qui
1548 3166 1652 3225 madia
1676 3167 1813 3225 insidiati
1839 3175 1905 3226 sunt
1945 3209 1946 3216 .

198 3256 289 3326 Nulli,
305 3261 362 3314 etc.
1075 3260 1170 3334 qurad
1184 3275 1279 3332 usque
1293 3264 1438 3331 ceperunt
1457 3259 1615 3332 predictos
1630 3260 1752 3316 nuntios
1761 3278 1770 3328 ;
1797 3261 1903 3334 quibus

234 3347 341 3404 Datum
357 3347 504 3420 Laterani,
517 3364 567 3404 viu
582 3347 645 3405 llal.
661 3348 752 3410 lunii.
1076 3355 1145 3407 ante
1160 3347 1251 3422 pedes
1263 3347 1404 3421 potentie
1417 3354 1527 3404 nostre
1542 3347 1688 3418 adductis,
1705 3350 1902 3406 trementibus

506 3437 601 3498 XLIII.
630 3439 718 3509 (165.)
1077 3445 1106 3496 et
1115 3437 1295 3508 verentibus,
1306 3437 1349 3492 rei
1359 3439 1513 3494 verItatem
1524 3443 1626 3510 aperta
1634 3454 1705 3495 voce
1715 3439 1804 3496 nobis
1816 3457 1901 3513 expo·

286 3541 408 3583 timeum
425 3542 504 3583 naurs
523 3543 700 3584 aauanmnun
718 3544 754 3584 an
773 3545 800 3587 o.
827 3545 928 3585 eursu.
1076 3533 1209 3584 suerunt.
1226 3527 1339 3584 Dehinc
1354 3527 1392 3583 ad
1406 3527 1481 3584 flues
1501 3529 1765 3597 Antiochenoram,
1780 3531 1902 3586 accessi·

199 3615 353 3686 Respondet
377 3617 497 3686 epistolis
521 3633 590 3688 quas
612 3617 758 3688 adipsum
777 3634 856 3690 papo
878 3619 1022 3688 scalperet,
1075 3633 1153 3685 mas,
1166 3617 1267 3688 ibique
1279 3633 1333 3688 per
1347 3621 1408 3673 tres
1427 3633 1545 3674 menses
1565 3635 1633 3674 curu
1648 3618 1742 3674 mullo
1756 3618 1862 3677 labore
1875 3624 1899 3674 et

267 3721 327 3775 que
342 3710 461 3771 aestuat,
477 3707 526 3761 lib.
546 3709 584 3775 ll,
598 3708 703 3778 aqistol.
728 3707 789 3773 153,
807 3709 856 3762 166
872 3707 958 3781 (166.)
1077 3706 1184 3762 sudore
1198 3705 1282 3761 inviti
1292 3705 1422 3777 plurima
1430 3707 1636 3763 sustinuimus.
1645 3709 1716 3762 Post
1729 3707 1805 3776 heac,
1818 3710 1899 3782 quid·

377 3792 456 3863 (slei,
479 3795 492 3849 1
516 3795 661 3861 Octobris,
678 3811 727 3851 an.
750 3795 849 3866 1201.)
1076 3795 1149 3867 quid
1160 3793 1317 3851 voluerunt
1327 3794 1584 3865 Antiocheni,non
1597 3787 1702 3852 timore
1717 3795 1843 3855 illorum
1854 3798 1898 3854 sed

234 3878 424 3936 Patemitatis
438 3886 542 3938 vestrae
557 3881 682 3950 litteras,
693 3899 768 3955 qaas
778 3900 832 3956 per
846 3883 988 3940 dilectam
997 3888 1026 3941 et
1076 3883 1214 3956 precibus
1224 3883 1340 3952 vestris,
1350 3883 1475 3941 moleste
1484 3884 1615 3942 ferentes
1627 3884 1842 3958 supplevimus.
1854 3891 1898 3943 Ea·

198 3966 318 4024 fidelem
331 3968 470 4024 nuntium
485 3975 622 4026 nostrum
636 3970 725 4026 nobis
742 3971 903 4040 direxistis,
920 3987 955 4028 ea
967 3988 1026 4043 qua
1076 3977 1200 4044 propter
1210 3973 1241 4027 in
1256 3989 1345 4046 regno
1361 3979 1462 4030 nostru
1478 3991 1538 4030 non
1554 3973 1670 4030 modica
1681 3974 1792 4032 damna
1807 3977 1896 4032 incur·

197 4057 299 4115 decuit
311 4058 477 4115 reverentia
499 4064 530 4114 et
547 4059 703 4117 devotione
728 4063 914 4135 suscepimus
929 4067 959 4118 et
972 4079 1026 4134 per
1077 4061 1172 4116 rimas
1181 4061 1363 4118 etaservitio
1374 4062 1425 4119 Dei
1433 4068 1462 4118 et
1472 4063 1765 4120 Christianitatisnos
1776 4065 1897 4122 declina·

198 4161 301 4203 aarum
316 4146 483 4220 significata
496 4148 584 4220 pleno
606 4148 781 4222 collegimus
805 4148 962 4205 intellectu
974 4167 1025 4206 vos
1077 4167 1109 4206 re
1124 4149 1230 4206 invitos
1246 4150 1385 4222 oportuit.
1397 4151 1590 4208 Venientibus
1610 4157 1710 4210 autem
1725 4151 1896 4211 desideratis

197 4236 351 4294 charitatis
365 4235 527 4293 visceribus
548 4237 660 4312 regiam
680 4239 867 4311 majestatem
892 4244 1025 4296 nostram
1076 4238 1181 4313 legatis
1191 4239 1307 4309 vestris,
1317 4241 1426 4312 praevia
1439 4239 1537 4298 diviua
1547 4242 1690 4314 potentIa,
1701 4242 1733 4298 in
1743 4245 1897 4315 praesentia

198 4323 373 4399 amplexari.
387 4325 683 4385 GontInebantetiam
694 4327 774 4400 quod
788 4327 819 4384 in
831 4328 985 4384 devotione
995 4333 1024 4385 et
1080 4327 1213 4400 ipsorum
1227 4328 1271 4384 rei
1286 4329 1494 4386 certitudinem
1517 4345 1572 4402 per
1594 4329 1714 4386 eosdem
1729 4331 1861 4400 nuntios,
1875 4333 1895 4388 si

198 4431 300 4474 amore
314 4416 484 4488 apostolice
507 4417 586 4474 sedis
611 4418 849 4491 persisteremus,
862 4423 891 4474 et
913 4419 944 4473 in
966 4419 1022 4475 hoc
1038 4387 1065 4452 D
1079 4417 1139 4473 vita
1153 4417 1197 4473 eis
1210 4433 1314 4474 omnes
1328 4418 1427 4486 faerit,
1444 4416 1584 4491 explicari
1598 4418 1749 4476 faciemus.
1766 4419 1810 4475 nd
1824 4421 1894 4488 bac,

198 4521 318 4577 semper
330 4521 519 4578 perseverare
536 4508 673 4580 oupImus
687 4512 718 4565 et
732 4513 879 4580 optamus,
895 4513 924 4564 et
940 4507 1023 4564 testis
1078 4505 1227 4564 sanctitati
1245 4512 1349 4564 vestrae
1371 4508 1570 4581 supplicamus
1585 4514 1618 4565 at
1632 4508 1683 4565 dia
1698 4495 1892 4583 exspectatum

200 4600 245 4652 est
257 4611 359 4652 rerum
373 4597 507 4666 effectus,
524 4596 595 4654 dum
611 4598 647 4654 de
671 4599 810 4655 omnibus
825 4598 950 4672 negotiis
968 4614 1024 4653 no·
1078 4601 1107 4652 et
1122 4596 1321 4653 desideratum
1336 4614 1510 4655 succursum
1525 4598 1700 4656 festinanter
1718 4603 1893 4660 transmitta-

199 4682 269 4740 stris
284 4683 322 4740 ad
343 4685 536 4756 apostolicam
560 4687 662 4743 sedem
684 4687 879 4761 appellamus.
904 4687 1024 4744 Misistis
1077 4686 1125 4742 tis.
1140 4687 1242 4760 Magna
1259 4685 1369 4744 etenim
1379 4685 1613 4745 discordiainter
1626 4688 1795 4747 barbaricas
1804 4693 1893 4750 natio-

198 4775 298 4829 autem
312 4772 399 4829 nobis
415 4790 469 4846 per
479 4775 617 4831 eumdem
630 4777 769 4833 nuntium
782 4781 917 4833 nostrum
933 4775 1024 4832 vexil-
1078 4791 1133 4831 nes
1146 4780 1192 4832 est
1203 4781 1357 4833 emersaet
1368 4775 1532 4834 deseviunt
1544 4777 1705 4836 crudeliter
1718 4779 1892 4853 adinvicem,

197 4861 261 4919 lum
275 4861 375 4918 Sancti
396 4863 476 4919 Petri
500 4863 530 4919 iu
549 4865 726 4922 memoriam
752 4865 920 4922 dilectionis
945 4865 1024 4922 sedis
1079 4871 1108 4920 et
1122 4863 1158 4936 si,
1184 4871 1345 4938 antequam
1368 4867 1448 4924 inter
1461 4885 1512 4924 eos
1533 4868 1692 4926 concordia
1705 4869 1795 4926 fuerit
1808 4873 1894 4928 refor-

197 4951 378 5024 apostolice,
393 4951 472 5024 qaod
496 4969 616 5025 semper
630 4959 698 5010 ante
718 4971 774 5011 nos
788 4955 901 5028 portari
922 4959 1025 5011 contra
1078 4959 1168 5024 mata,
1185 4953 1350 5014 subsidium
1365 4956 1515 5025 miseritii,
1531 4957 1738 5016 Christianitas
1763 4961 1893 5018 exaltabi·

181 5041 335 5104 ,inimicos
350 5041 446 5098 crucis
461 5041 499 5098 ad
520 5041 665 5100 honorem
691 5049 800 5100 sanctes
816 5047 956 5100 Romanae
970 5045 1025 5100 Eo·
1078 5049 1127 5100 tur
1138 5061 1145 5114 ;
1158 5049 1187 5100 et
1201 5045 1236 5112 si,
1248 5044 1328 5117 quod
1338 5044 1425 5119 absit,
1440 5050 1709 5118 antequamveniat
1724 5047 1892 5118 subsidium,

197 5130 295 5188 alesin
309 5129 465 5187 faciemus.
481 5131 608 5188 Nuntius
622 5147 691 5188 vero
715 5138 817 5189 noster
840 5131 926 5189 nobis
948 5132 1024 5190 insi·
1078 5133 1157 5190 inter
1171 5149 1221 5190 eos
1232 5134 1392 5192 concordia
1405 5135 1496 5192 fuerit
1509 5138 1679 5208 reformata,
1696 5155 1758 5195 non
1781 5139 1832 5195 erit
1847 5142 1891 5212 qai

235 5283 306 5354 (165)
321 5282 425 5340 liciata
443 5284 475 5340 in
489 5282 584 5342 Gestis
610 5284 786 5353 Innocentii,
801 5300 865 5357 cap.
882 5286 943 5340 113.
968 5286 1024 5342 lie·
1115 5289 1189 5361 (166)
1213 5291 1306 5362 Super
1332 5295 1504 5364 argumento
1530 5291 1636 5348 harum
1660 5295 1689 5349 et
1716 5309 1889 5420 supseqnen·

197 5349 260 5410 lata
273 5355 375 5425 etlam,
389 5355 441 5412 sed
456 5371 517 5416 non
530 5356 655 5431 integra,
672 5357 749 5429 apud
764 5355 1025 5428 Raynaldum,an-
1077 5359 1152 5416 tium
1174 5360 1352 5433 litterarum,
1367 5362 1433 5420 vide
1445 5362 1498 5420 lib.
1514 5379 1543 5434 ιι,
1560 5363 1647 5437 epist.
1663 5365 1725 5434 217,
1740 5366 1753 5420 1

197 5435 238 5505 uo
252 5426 333 5496 1202,
348 5428 371 5496 5.
387 5430 432 5485 30.
448 5429 516 5496 Quae
540 5430 619 5502 apud
629 5429 727 5502 ipsum
744 5427 893 5502 leguntur,
908 5426 1025 5488 bioan·
1077 5433 1122 5502 62,
1133 5434 1178 5502 63,
1193 5435 1237 5500 at,
1253 5435 1298 5505 66,
1315 5441 1344 5490 et
1357 5436 1419 5491 266.

199 5509 241 5551 ors
260 5495 378 5556 inclusa
393 5506 472 5558 sunt.
1114 5500 1188 5577 (167)
1203 5502 1269 5564 via.
1283 5520 1364 5578 supr.
1379 5505 1432 5564 lib.
1447 5521 1477 5577 ιι,
1493 5506 1579 5580 epist.
1596 5508 1658 5578 263,
1673 5507 1736 5566 266.

1776 5369 1889 5436 ,vam
