3956 6056
175 263 226 318 359
609 302 611 308 .
671 255 928 314 innocuorum
946 253 1002 312 ΡΡ.
1023 255 1259 316 REGESTORUM
1281 261 1389 316 [ra-1.
1828 261 1890 318 360
1970 217 1971 222 ¹

174 387 309 458 occupati
318 399 421 441 causas
438 380 569 455 singulas
580 383 610 437 in
624 397 753 454 persona
762 379 882 454 propria
896 377 993 435 discu·
1008 379 1042 448 A
1056 383 1097 437 ris
1112 383 1339 456 professionem,
1353 385 1431 442 unde
1447 384 1610 442 secundum
1625 383 1759 442 videatur
1772 401 1889 460 propo-

174 479 237 532 tere
255 491 315 529 non
336 471 477 540 valemus,
500 471 677 528 fraternitati
694 476 752 526 tuae
770 485 824 542 per
838 467 1001 541 apostolica
1054 472 1144 528 sitnm
1162 474 1312 546 impediri,
1326 480 1356 530 st
1368 475 1458 532 etiam
1474 475 1623 531 intuentes
1638 474 1717 548 qnod
1732 475 1811 531 beati
1827 477 1886 532 Be-

174 565 284 635 soripta
294 560 470 617 mandamus
479 565 635 634 quatenus,
646 558 781 632 partibus
787 557 824 616 ad
835 563 915 614 tuam
924 573 1001 629 prae-
1053 560 1164 618 nedicti
1180 563 1291 636 llegnla
1305 563 1482 620 arduitatem
1497 565 1563 618 vitas
1584 565 1719 620 continet
1732 565 1884 634 arctioris,

174 653 301 708 sentiam
312 650 490 718 constitutis,
505 649 608 704 audias
619 665 685 721 qum
693 664 762 721 pars
772 646 887 703 abbatis
897 651 1002 702 contra
1054 655 1087 704 ut
1098 651 1129 705 in
1144 651 1244 724 aliquo
1260 653 1441 710 monasterio
1456 653 1590 725 praedicti
1614 652 1728 710 ordinis
1741 654 1884 723 Domino,

172 744 263 796 testas
283 744 313 795 et
326 738 531 795 attestationes
547 737 664 795 duxerit
678 735 909 810 proponendaet
923 749 1002 806 quae·
1054 739 1079 794 si
1094 741 1246 810 malueris,
1262 741 1360 798 valeas
1375 741 1515 811 militare,
1533 741 1659 798 liberam
1672 741 1725 798 tibi
1740 743 1886 800 concedi-

173 829 301 886 stionem
316 828 423 900 ipsam,
440 831 553 883 servato
566 826 645 898 juris
659 826 774 893 ordine,
800 822 1000 896 appellatione
1054 846 1121 886 mus
1137 831 1311 888 auctoritate
1327 831 1520 904 praesentium
1533 830 1724 899 facultatem
1740 837 1770 889 ct
1792 833 1884 890 dum.

172 921 296 986 romola,
319 916 451 989 legitimo
474 916 533 970 fine
550 913 679 970 decidas.
694 913 886 969 Postmodum
901 915 1001 967 aulem
1055 917 1143 974 modo
1157 919 1192 976 de
1209 918 1297 975 corde
1311 936 1385 992 puro
1406 925 1435 975 et
1459 919 1645 976 conscientia
1667 919 1747 977 bona
1772 925 1802 978 et
1821 921 1885 978 fide

172 1007 197 1064 si
212 1011 312 1078 partes
333 1009 437 1060 contra
452 1019 483 1059 se
498 1007 602 1060 mutuo
624 1003 764 1059 duxerint
777 1001 878 1072 aliqua
892 1015 1001 1072 propo·
1054 1025 1114 1064 non
1139 1009 1208 1065 ficta
1231 1009 1382 1081 procedat,
1406 1014 1439 1065 ut
1458 1010 1515 1065 1100
1532 1009 1563 1065 in
1579 1010 1759 1066 monasterio
1783 1011 1886 1067 sancti

170 1095 281 1163 nenda,
298 1093 495 1151 nihll⁰mim¹⁵
516 1091 631 1160 audias,
648 1097 677 1147 θῑ
689 1091 713 1146 Sl
730 1089 825 1147 ambae
841 1103 1002 1145 consenso·
1054 1097 1207 1154 Fortunati
1219 1097 1316 1154 valeas
1331 1097 1507 1170 adimplere,
1525 1097 1577 1154 tibi
1597 1097 1756 1173 benignius
1778 1099 1888 1158 indul·

170 1186 241 1254 rint,
257 1187 372 1240 remoto
396 1197 443 1253 ap.
464 1180 525 1250 ob.,
544 1181 663 1253 justitia
692 1178 842 1235 mediante
869 1175 999 1266 decidas3
1054 1203 1167 1261 gemus,

170 1273 310 1345 Alioquin
326 1272 428 1328 omnia
439 1269 650 1342 gestaredacta
666 1269 696 1324 in
711 1268 840 1339 scriptis,
851 1266 941 1340 sigilli
957 1270 1000 1321 tur
1089 1278 1195 1334 patum
1209 1275 1340 1345 puderet,
1356 1293 1382 1332 w
1396 1277 1493 1332 Nonas
1507 1277 1651 1334 octobris,

170 1361 339 1420 munimine
354 1358 494 1415 roborata
508 1357 545 1414 ad
558 1358 749 1430 praesentiam
765 1359 898 1412 nostram
907 1360 1001 1411 trans·
1380 1365 1552 1422 cccxxxx,

165 1454 290 1509 mittas:
304 1450 422 1520 utrique
436 1447 512 1520 pdl'll
528 1449 683 1520 assignans
702 1447 865 1503 torminum
880 1459 1001 1516 compe·
1107 1469 1236 1512 pppscopo
1255 1471 1419 1510 prcoxxfflp
1437 1471 1470 1510 ιτ
1488 1471 1596 1512 nmmo
1615 1471 1649 1512 pp
1671 1473 1826 1514 gum-gnon,

169 1545 293 1608 lentem,
309 1555 367 1610 ‘1¹1⁰
386 1541 551 1608 sessellllllffl
567 1536 747 1592 sententiam
767 1539 868 1590 ¹1⁰Slr⁰
885 1549 916 1589 ⁵0
930 1549 1002 1590 0θῦ-
1057 1547 1090 1600 Ut
1103 1545 1235 1600 celebrent
1250 1544 1397 1598 diarortinm
1419 1545 1491 1599 inter
1514 1545 1545 1602 P.
1560 1550 1584 1599 et
1603 1547 1632 1600 Τ.
1648 1562 1708 1601 cum
1719 1551 1886 1618 processerit

169 1629 284 1704 spectui
299 1631 527 1700 repraesentent.
1242 1617 1370 1671 intereos
1385 1617 1509 1686 coenatio
1523 1617 1687 1687 spiritualis.

205 1723 311 1776 Datum
326 1717 459 1786 Ameliae,
476 1734 503 1772 ιιι
519 1718 618 1772 Nonas
633 1717 779 1772 Octobris,
1011 1743 1040 1810 B
1125 1704 1221 1776 (Apud
1237 1703 1291 1803 clv.
1308 1703 1517 1773 castellanam,
1530 1721 1578 1760 vlit
1592 1705 1634 1761 Id.
1651 1705 1807 1779 Octobris.)

478 1805 688 1862 cccxxxvppp
1088 1792 1161 1866 (156)
1187 1793 1313 1847 Veniens
1326 1791 1363 1848 ad
1377 1793 1568 1864 praesentiam
1592 1797 1726 1870 nostram
1745 1795 1821 1868 (157)
1847 1797 1882 1854 G.

231 1912 374 1954 pommus
393 1911 463 1950 umis
482 1909 564 1950 noun·
583 1910 615 1949 gp
640 1910 751 1949 ammom
770 1909 931 1961 xxpcfflom,
1051 1883 1192 1955 Angllolls
1203 1882 1325 1938 natione
1340 1881 1426 1938 nobis
1435 1883 1572 1956 exposuit
1586 1885 1666 1956 quod
1678 1901 1747 1942 cum
1761 1885 1833 1942 olim
1850 1886 1882 1942 ln

444 1999 583 2040 ,emanans
602 1999 723 2040 possm,
1052 1971 1255 2027 adolescentia
1264 1972 1443 2027 constitutus
1454 1971 1572 2029 mulieri
1580 1973 1697 2031 cuidam
1706 1974 1884 2032 adhaesisset

172 2079 277 2150 Recipit
303 2075 366 2130 illos
390 2089 451 2129 curn
473 2074 595 2143 ipsorum
618 2072 734 2127 subditis
755 2074 785 2126 in
804 2072 1001 2142 protectionem
1053 2077 1143 2136 quom
1151 2065 1252 2118 lamen
1265 2061 1385 2133 quidam
1396 2061 1473 2118 alius
1483 2067 1552 2120 ante
1563 2069 1752 2137 cognoverat,
1761 2066 1799 2123 de
1810 2083 1885 2123 con-

500 2161 677 2231 apostoticam
1053 2151 1120 2208 silio
1133 2151 1238 2208 matris
1248 2167 1309 2208 sua
1319 2151 1430 2208 lactum
1446 2157 1533 2209 estut
1543 2153 1648 2210 eadem
1661 2155 1885 2229 mulierqnem·

208 2251 288 2309 licet
299 2256 394 2324 apost.
416 2249 501 2306 sedes
524 2254 618 2305 mater
639 2249 678 2304 sit
692 2248 826 2303 omnium
841 2247 999 2320 generalis,
1052 2241 1121 2297 dam
1134 2257 1271 2313 puerum,
1285 2257 1374 2312 quem
1389 2240 1426 2297 de
1441 2241 1501 2297 alia
1514 2241 1611 2299 solnta
1624 2243 1687 2315 ipse
1696 2253 1872 2318 susceperat

170 2358 221 2397 eos
234 2347 335 2397 tamen
345 2343 500 2412 protegere
515 2337 670 2393 consuevit
684 2335 843 2408 specialius
859 2341 889 2392 et
902 2336 1000 2392 fovere
1053 2331 1090 2386 de
1101 2346 1185 2386 sacro
1200 2330 1281 2386 sonte
1294 2329 1415 2398 levaret,
1426 2330 1463 2386 ad
1475 2330 1675 2402 suspicionem
1688 2337 1717 2388 et
1726 2333 1885 2390 infamiam

169 2432 219 2504 qni
250 2435 358 2504 praeter
386 2427 571 2501 spiritualem
600 2426 827 2499 subjectionem,
854 2441 920 2498 qua
942 2426 1000 2498 ipsi
1053 2419 1211 2490 utriusque
1235 2417 1405 2476 delendam.
1431 2419 1543 2476 Deinde
1571 2436 1650 2490 vero,
1676 2437 1744 2478 cum
1768 2421 1800 2479 in
1818 2424 1886 2496 ejus

166 2519 293 2575 debetur
306 2518 343 2574 ab
359 2515 509 2582 omnibus,
522 2515 547 2570 ei
563 2520 633 2570 sunt
641 2514 798 2586 temporali
810 2514 899 2571 etiam
907 2515 1001 2588 juris·
1054 2523 1187 2564 amorem
1202 2507 1406 2564 vehementius
1432 2507 1597 2578 exarderet,
1622 2509 1733 2583 absque
1757 2511 1886 2568 consilio

167 2609 297 2665 dictione
322 2606 458 2679 subjecti.
490 2607 663 2676 Eapropter,
692 2603 793 2660 dilecti
819 2605 851 2660 in
875 2604 1000 2660 Domino
1054 2596 1219 2654 amicorum
1231 2612 1296 2652 eam
1307 2595 1442 2653 clanculo
1455 2596 1654 2670 desponsavit.
1667 2599 1800 2672 Cumque
1812 2617 1886 2674 pro·

170 2698 235 2766 tilii,
260 2697 447 2752 devotionem
472 2709 561 2766 quam
585 2709 654 2767 erga
681 2695 766 2750 Rom.
793 2693 957 2749 Ecclesiam
973 2696 1003 2750 ct
1054 2686 1114 2742 lem
1129 2701 1166 2741 ex
1180 2701 1215 2741 ea
1228 2701 1385 2757 procreare
1401 2702 1462 2741 non
1476 2691 1577 2758 posset
1587 2691 1616 2743 et
1629 2685 1850 2762 increpationes
1866 2707 1885 2746 a

173 2803 229 2843 nos
244 2787 328 2858 ipsos
351 2783 467 2840 habetis
483 2782 655 2855 diligentius
670 2781 869 2850 attendentes,
898 2799 949 2839 vos
973 2787 1003 2838 et
1054 2779 1138 2846 patre
1162 2790 1215 2829 suo
1239 2773 1428 2846 gravissimas
1453 2775 1624 2845 sustineret,
1646 2777 1727 2848 quod
1741 2794 1807 2834 eam
1823 2778 1882 2834 de·
1970 2853 1971 2856 Ἴ

171 2881 264 2931 totam
280 2879 389 2929 terram
404 2876 544 2937 vestram,
561 2887 625 2942 quas
650 2870 688 2926 ad
699 2870 750 2942 jus
779 2875 808 2926 et
835 2871 1002 2943 proprieta-
1056 2862 1224 2935 sponsando
1249 2863 1416 2936 deliquerat
1438 2865 1592 2922 revolvens
1612 2865 1644 2920 iu
1668 2867 1783 2936 auimo,
1815 2867 1884 2941 ipsa

171 2967 231 3019 tem
242 2960 405 3017 beatiPetri
416 2960 564 3030 pertinere
576 2957 771 3032 dignoscitur,
784 2974 852 3014 eum
863 2958 1002 3016 omnibus
1055 2953 1189 3020 dimissa,
1204 2967 1294 3008 causa
1308 2951 1451 3010 orationis
1466 2953 1700 3026 Hierosolymam
1715 2961 1761 3012 est
1782 2957 1886 3029 prose-
1970 2943 1971 2948 ¹

171 3068 238 3123 quae
253 3050 284 3104 in
299 3047 525 3121 praesentiarum
539 3045 758 3102 rationabiliter
776 3047 937 3118 possidetis
949 3054 1001 3105 aut
1056 3048 1131 3098 ctus.
1151 3043 1257 3099 Vemm
1270 3057 1338 3097 cum
1353 3041 1434 3098 idem
1446 3042 1566 3099 rediens
1582 3043 1619 3099 de
1632 3043 1766 3116 partibus
1782 3050 1885 3102 trans-

170 3140 202 3196 in
215 3139 346 3195 intumm
358 3136 449 3208 J'ustis
468 3133 576 3202 modis,
592 3139 744 3190 annuente
759 3135 896 3204 Domino,
913 3151 998 3192 recu·
1013 3107 1039 3176 G
1053 3131 1178 3188 marinis
1192 3130 1307 3203 prolem
1318 3145 1384 3188 eam
1403 3131 1571 3204 suscepisse
1581 3133 1618 3189 de
1634 3133 1692 3190 alio
1707 3135 1883 3204 invenisset,

170 3243 275 3300 perare
297 3223 432 3298 poteritis
454 3239 507 3279 sen
522 3222 611 3279 etiam
627 3222 762 3294 adipisci.
779 3224 834 3280 sub
849 3223 930 3281 beati
945 3227 1000 3281 Pe·
1052 3221 1079 3277 ei
1095 3221 1192 3276 noluit
1205 3218 1376 3288 adhaerere3
1393 3220 1445 3277 sed
1458 3226 1578 3294 propter
1592 3221 1785 3293 adulterium,
1800 3225 1885 3297 quod

170 3317 252 3373 trist
274 3320 377 3371 nostra
395 3313 580 3386 protectione
606 3312 796 3385 suscipimus.
827 3313 1001 3386 Specialiter
1052 3309 1238 3367 commisisse
1252 3309 1353 3364 taliter
1376 3308 1539 3380 videbatur,
1556 3327 1591 3367 ea
1612 3311 1734 3368 omnino
1756 3312 1884 3370 dimissa

168 3411 268 3463 autem
284 3405 430 3476 majorem
446 3406 475 3457 et
489 3402 638 3457 minorem
652 3401 777 3470 insulas,
794 3418 869 3474 quas
892 3402 930 3459 ad
948 3402 999 3474 jus
1051 3397 1087 3454 ad
1101 3398 1294 3472 longinquam
1307 3413 1338 3453 se
1350 3397 1533 3454 transferens
1552 3399 1706 3473 regionem
1731 3401 1808 3457 etad
1823 3403 1885 3458 liu-

168 3499 198 3551 et
225 3493 438 3568 proprietatem
462 3495 596 3547 nostram
621 3507 682 3546 non
698 3496 744 3547 est
755 3489 879 3547 dubium
904 3491 998 3564 perti·
1050 3484 1284 3559 gubin·tandem
1295 3485 1586 3557 venienscivitatem,
1597 3488 1757 3561 quamdam
1767 3489 1884 3547 ibidem

168 3603 251 3654 nare,
267 3584 344 3642 sicut
358 3599 407 3639 eas
419 3583 499 3656 juste
515 3598 549 3638 ac
565 3581 688 3654 pacillce
713 3581 872 3655 possidetis
896 3588 999 3639 aucto-
1050 3593 1119 3632 oum
1132 3580 1211 3632 terra
1221 3575 1400 3647 competenti
1412 3576 1516 3632 etdote
1527 3576 1644 3634 decenti
1656 3578 1712 3634 sibi
1723 3579 1883 3636 matrimo-

169 3675 254 3732 ritate
269 3673 352 3730 vobis
364 3671 528 3745 apostolica
542 3671 765 3740 confirmamus,
782 3677 838 3731 etc.
856 3672 999 3729 Decerni-
1050 3665 1171 3722 nialiter
1183 3664 1340 3736 copulavit,
1357 3663 1393 3720 de
1408 3679 1467 3736 qua
1482 3664 1597 3738 prolem
1613 3682 1645 3722 sc
1657 3666 1812 3724 confessus
1835 3675 1884 3726 cst

169 3781 237 3822 mus
250 3780 329 3837 crgo,
344 3769 399 3819 etc,
1051 3753 1226 3826 suscepisse.
1251 3752 1413 3825 Eapropier
1435 3751 1609 3809 discretioni
1623 3760 1727 3812 restria
1742 3772 1796 3828 per
1809 3773 1881 3831 apc-

488 3848 673 3904 ccctxxlx.
1049 3841 1155 3900 stolioa
1178 3841 1288 3914 scripta
1310 3839 1487 3898 mandamus
1504 3848 1651 3914 quatenus
1665 3860 1754 3917 snper
1768 3845 1816 3902 bis
1831 3847 1880 3903 in·

400 3953 490 3993 nomm
510 3953 573 3991 vinc
594 3951 765 3994 seraranan.
1049 3931 1173 4004 quiretis
1184 3930 1355 4004 diligentius
1367 3930 1519 3986 veritatem
1531 3947 1539 3998 3
1556 3931 1619 3987 etsi
1631 3933 1757 4004 primam
1769 3935 1881 3992 mulie-

171 4030 330 4106 lndulgptur
353 4030 379 4084 ci
403 4033 434 4082 ut
459 4025 609 4082 conubium
632 4031 657 4081 et
672 4027 795 4081 ordinem
812 4028 841 4083 s.
858 4029 997 4084 Benedicti
1048 4037 1112 4076 rem
1125 4019 1258 4094 praedicti
1271 4019 1325 4074 viri
1336 4018 1432 4075 fllium
1447 4019 1483 4075 de
1495 4035 1578 4075 sacro
1586 4019 1668 4077 fonte
1677 4021 1790 4079 levasse
1805 4041 1881 4081 con-

469 4117 575 4170 intrcre
596 4117 693 4184 possit.
1049 4103 1159 4166 stiterit
1176 4113 1337 4180 antequam
1358 4124 1424 4164 eam
1438 4108 1650 4180 desponsasset
1663 4126 1797 4183 uxorem,
1826 4129 1880 4169 vos
1970 4111 1971 4118 ’

358 4205 499 4280 (Tuderti,
517 4219 544 4258 ιο
560 4205 634 4258 Non.
646 4202 804 4274 Octobris.)
1048 4199 1127 4255 inter
1150 4213 1200 4254 eos
1227 4187 1397 4265 divortium,
1423 4195 1571 4270 appellat.
1593 4199 1776 4270 postposita,
1801 4201 1882 4258 cele·

201 4297 242 4351 Ex
257 4301 307 4352 tua
323 4293 511 4352 confessione
535 4291 703 4363 reperimus
726 4292 805 4364 quod
820 4293 893 4349 olim
907 4294 996 4352 corda
1046 4287 1179 4355 brantes,
1199 4286 1242 4341 rei
1257 4301 1431 4357 processum
1445 4284 1532 4341 nobis
1546 4301 1601 4358 per
1624 4285 1739 4344 litteras
1763 4293 1880 4347 vestras

166 4390 361 4457 compunctus
374 4383 411 4440 ad
420 4382 558 4439 ordinem
571 4380 832 4454 Hierosolymitani
839 4384 995 4456 hospitalis
1048 4369 1181 4434 fideliter
1201 4373 1366 4446 exponatis,
1390 4378 1424 4429 ut
1447 4389 1485 4430 an
1500 4389 1569 4430 cum
1584 4375 1715 4432 secunda
1726 4375 1822 4435 valeat
1834 4379 1881 4436 le-

165 4473 354 4545 disposueras
365 4479 393 4530 te
408 4471 581 4539 transferre,
595 4469 666 4526 licet
678 4470 715 4527 ad
734 4471 790 4528 boc
810 4477 839 4528 te
852 4477 918 4528 voto
933 4473 992 4530 mi·
1006 4477 1034 4542 Ι)
1048 4467 1150 4541 gitinm
1167 4463 1355 4531 commorari,
1367 4462 1490 4518 veritate
1502 4463 1631 4535 cognita,
1651 4464 1812 4522 decernere
1827 4483 1880 4525 ra·

164 4563 245 4617 nime
260 4561 460 4618 astrinxisses.
477 4559 505 4616 si
521 4575 588 4615 vero
608 4557 658 4613 ille
674 4574 691 4614 a
706 4575 765 4630 quc
786 4576 874 4616 omne
889 4561 993 4619 datum
1046 4557 1172 4613 leamns.
1187 4552 1270 4620 Quod
1286 4551 1310 4608 si
1326 4550 1424 4621 ambo,
1441 4556 1508 4621 etc,
1526 4557 1558 4608 tu
1573 4568 1617 4623 ea,
1630 4552 1723 4610 frater
1736 4556 1878 4632 episcopo

164 4651 310 4723 optimum
325 4655 355 4706 et
367 4665 454 4706 omne
470 4648 582 4704 donum
593 4647 756 4720 perfectum
771 4655 827 4719 est,
838 4667 991 4724 perquem
1047 4652 1102 4704 etc.
1187 4655 1188 4658 ’

165 4739 201 4795 de
216 4739 323 4795 virtute
345 4738 517 4795 ascenditur
534 4737 565 4792 in
580 4737 729 4807 virtutem,
745 4738 813 4795 vino
829 4755 991 4812 compunc-
1081 4734 1187 4790 Datum
1216 4731 1294 4805 apud
1322 4731 1471 4788 civitatem
1498 4731 1709 4805 castellanam,
1737 4751 1784 4792 vni
1803 4735 1875 4796 ldus

164 4828 255 4885 tionis
268 4827 396 4900 amplius
420 4833 448 4883 te
468 4826 613 4900 potaverit
626 4830 656 4882 et
669 4827 876 4884 ascensionem
891 4830 990 4887 cordis
1044 4821 1190 4880 Octobris.

163 4919 206 4973 tui
221 4917 359 4991 dignatus
374 4915 463 4972 inerit
486 4915 518 4971 iu
531 4915 639 4971 melius
655 4931 838 4986 promouere,
853 4917 895 4974 ita
909 4919 988 4976 utin
1363 4923 1551 4986 cccxxxxl,

161 5008 261 5080 aliquo
281 5007 472 5074 monasterio,
496 5005 526 5060 in
543 5021 601 5077 quo
617 5003 695 5060 beati
713 5006 862 5063 Benedicti
878 5009 989 5082 Regula
1208 5027 1363 5070 sinuosum.
1384 5014 1458 5088 (158)
1477 5037 1700 5082 incfflmscopo,

160 5097 343 5166 observetur,
371 5095 556 5168 propositum
579 5091 729 5166 concipias
758 5095 883 5152 Domino
907 5097 987 5152 mili·
1184 5101 1371 5172 despondetur
1385 5105 1461 5162 itlius
1475 5111 1728 5173 consultationibus,

159 5187 242 5242 tandi
255 5205 262 5256 ;
280 5185 461 5259 quoniamst
475 5188 506 5238 tu
521 5199 611 5255 super
625 5183 681 5239 boc
697 5197 714 5238 a
728 5182 814 5240 nobis
827 5185 986 5242 consilium
1121 5185 1218 5262 (Apud
1234 5191 1288 5247 civ.
1305 5192 1514 5266 castellanam,
1531 5217 1558 5254 vr
1573 5200 1616 5257 ld.
1633 5205 1789 5279 Octobris.)

159 5275 325 5346 postulasti,
341 5289 395 5329 nos
404 5272 575 5345 diligentins
583 5270 770 5328 attendentes
779 5272 859 5343 quod
869 5273 986 5331 nullum
1076 5277 1160 5344 Quod
1173 5278 1204 5334 in
1216 5278 1314 5335 dubiis
1325 5287 1426 5339 nostro
1437 5287 1570 5357 postulas
1583 5292 1740 5350 certificari
1755 5299 1871 5355 rescri-

156 5363 242 5434 juxta
257 5362 474 5420 contessionem
485 5364 566 5417 tuam
577 5365 677 5416 votum
692 5360 827 5417 emiseris
841 5365 893 5418 ant
906 5361 986 5419 leoe-
1038 5371 1100 5439 pto,
1113 5371 1147 5423 nt
1166 5368 1252 5440 juxta
1266 5369 1341 5426 illud
1356 5375 1413 5428 tuae
1430 5373 1618 5436 discretionis
1635 5381 1792 5443 arbitrium
1806 5403 1871 5446 me,

196 5505 272 5647 3'1563
284 5507 351 5577 Cap.
368 5507 395 5574 o,
411 5505 451 5561 oo
466 5507 581 5576 cognat.
599 5501 693 5575 spirit.
1074 5509 1148 5584 (158)
1162 5510 1195 5566 ln
1210 5511 1298 5568 tertia
1311 5512 1380 5572 lect.
1395 5515 1587 5592 Stripontensi,
1603 5522 1691 5579 mals.

195 5576 258 5647 ,157
284 5575 318 5632 ln
330 5576 417 5632 tertia
430 5573 552 5632 Collect.
569 5568 601 5632 Ε.
617 5573 703 5648 Apud
714 5573 832 5648 Gregor.
848 5576 878 5634 C.
