3918 6014
69 226 1778 288 m
1823 257 1825 264 ,

274 369 612 637 eaounm
655 409 1048 634 unsarans
1090 477 1573 638 assumtum.

873 805 991 816 ——n-n—

518 975 526 982 ’
560 1023 804 1116 uersuum
833 1023 1219 1120 uuuaurmums
1254 1018 1278 1116 ¹.

178 1290 236 1352 IN
241 1287 493 1352 VICTISSIMO
522 1285 727 1352 PRINCIPI
754 1289 973 1352 LUDOVICO
1003 1287 1089 1349 XIV
1114 1285 1227 1348 REGI
1255 1287 1658 1352 GHRtsltANJSSittO.
1767 1331 1771 1336 -

100 1531 140 1586 st
150 1526 362 1601 suscipiendam
375 1542 476 1584 nouam
490 1525 639 1583 editionem
650 1527 830 1597 epistolarum
844 1525 1001 1584 innocentii
1014 1527 1056 1582 lll
1073 1526 1189 1583 Romani
1201 1525 1346 1599 pontificis
1361 1527 1469 1584 duabus
1481 1527 1624 1600 precipue
1638 1529 1777 1586 decausis

62 1625 201 1691 pennatus
211 1635 286 1688 sum,
303 1619 362 1673 Rea
385 1615 645 1673 christianissime:
661 1623 720 1671 tum
735 1617 801 1687 quia
815 1617 840 1672 is
856 1617 914 1687 [uit
939 1617 985 1672 uir
998 1631 1118 1689 mapnus
1140 1625 1168 1698 et
1190 1633 1357 1688 maqnarunr
1372 1633 1466 1674 rerum
1480 1619 1614 1689 patrator,
1629 1620 1689 1673 lum
1711 1618 1778 1690 qaia

63 1710 186 1766 helesin
202 1707 355 1764 Gallicanae
377 1721 529 1777 repumque
542 1705 673 1762 Franciae
686 1704 855 1762 decessorum
868 1712 989 1776 tuorum,
1004 1721 1070 1777 quus
1095 1707 1217 1778 impense
1231 1705 1333 1778 ubique
1347 1706 1453 1775 laudat,
1468 1707 1697 1763 amantissimus:
1711 1707 1777 1763 adeu
1858 1726 1861 1735 ·

64 1801 90 1854 ul
98 1799 134 1854 ad
145 1797 313 1868 Philippum
332 1797 484 1866 hupnslum
495 1794 617 1850 scribens
628 1810 685 1850 non
694 1792 862 1850 dubitauerit
871 1809 994 1851 asserere
1002 1795 1124 1866 pluriam
1137 1802 1163 1850 el
1173 1795 1394 1866 rnapnituotinem
1405 1795 1477 1851 sedis
1487 1794 1651 1868 apostaticse
1660 1797 1779 1868 pendere
1844 1845 1846 1855 ,
1946 1837 1947 1846 ,

65 1889 179 1962 quodam
193 1885 276 1942 moda
291 1901 327 1941 ea
341 1883 530 1940 incolumitate
544 1882 625 1954 repni
637 1885 822 1940 Francorum.
839 1904 853 1933 a
871 1883 945 1942 Unde
956 1886 1029 1939 inter
1043 1887 1155 1940 caeteros
1168 1899 1244 1955 repes
1253 1883 1413 1953 catholicos,
1428 1885 1521 1956 inquit
1531 1883 1580 1956 (2),
1596 1888 1623 1940 et
1635 1887 1779 1958 principes

67 2001 78 2026 a
94 1977 272 2032 Christianos
282 1975 459 2030 serenitatem
473 1976 551 2027 tuam
560 1973 742 2044 praeroquliuo
756 1971 913 2028 dilectionis
928 1973 1131 2046 amplectimur,
1147 1977 1172 2030 at
1182 1972 1217 2029 ad
1231 1989 1265 2028 ea
1278 1988 1339 2046 quse
1353 1973 1485 2030 honorem
1494 1977 1572 2029 tuum
1584 1976 1610 2028 et
1622 1975 1777 2030 incremen-

67 2089 79 2116 α
94 2075 154 2121 tum
168 2065 252 2136 requi
265 2063 436 2118 Francorum
450 2061 602 2131 respiciunt
615 2059 780 2132 propensius
794 2062 969 2132 aspiramus:
984 2070 1078 2133 utpote
1095 2061 1125 2116 in
1139 2062 1217 2132 cuijus
1232 2063 1400 2118 exaltatione
1414 2063 1542 2118 exaltare
1555 2063 1695 2118 credimus
1708 2079 1778 2135 apo·
1860 2100 1863 2115 ,

70 2155 227 2210 asiaticam
246 2151 347 2222 sedem,
362 2156 389 2207 et
410 2152 440 2206 in
456 2151 534 2220 cujus
549 2148 733 2220 depressione,
755 2149 826 2220 qnud
840 2150 922 2217 absit,
946 2152 1034 2223 ipsam
1059 2150 1178 2222 deprimi
1191 2151 1372 2208 crederemus.
1397 2173 1412 2202 u
1429 2153 1518 2220 Quare
1532 2167 1597 2208 uum
1621 2151 1706 2208 aditio
1726 2151 1778 2208 illa

64 2246 263 2307 absumeretur,
280 2257 334 2297 non
349 2241 403 2296 alii
416 2255 478 2294 eam
491 2237 581 2294 dicari
595 2237 692 2294 debere
706 2239 858 2295 arbitratus
871 2256 932 2296 sum
942 2256 1027 2312 quam
1043 2239 1107 2308 tibi,
1123 2256 1221 2312 muqne
1232 2241 1300 2310 hen,
1313 2242 1361 2313 qui
1374 2245 1400 2298 cl-
1410 2242 1633 2314 juresanquinis
1645 2245 1719 2298 bernes
1731 2257 1777 2298 eu-

65 2352 122 2389 ram
135 2331 299 2405 principum
322 2327 480 2401 prouincias
499 2343 565 2400 quus
580 2327 628 2382 itte
642 2328 753 2395 laudat,
768 2336 795 2382 et
812 2329 878 2400 jure
899 2329 1078 2386 successionis
1093 2329 1220 2402 defensor
1233 2345 1260 2386 es
1275 2330 1436 2402 apostoliam
1449 2331 1524 2386 sedis
1537 2338 1563 2385 et
1577 2329 1709 2386 Ecclesiae
1724 2332 1774 2387 llo·

64 2438 153 2480 nsanae
165 2429 315 2494 protectur.
331 2423 424 2476 Erunt
437 2419 486 2490 qui
499 2417 637 2489 preclaro
652 2420 704 2471 tua
713 2415 841 2486 tacinoro
854 2433 921 2489 pace
936 2418 1058 2490 bellaque
1070 2427 1145 2490 qesta
1158 2420 1274 2474 summis
1289 2419 1399 2490 inqenii
1412 2421 1521 2476 uiribus
1534 2419 1721 2487 celebrabunt,
1738 2428 1776 2476 tc-

67 2529 116 2584 que
130 2511 298 2582 superiorem
320 2507 413 2563 dicens
428 2505 555 2563 heroibus
569 2521 634 2578 quus
648 2503 801 2577 antiquitas
817 2510 947 2562 senerata
960 2509 1017 2576 est;
1033 2515 1060 2562 et
1079 2506 1113 2564 id
1127 2506 1239 2580 quidem
1249 2509 1315 2581 jure
1329 2509 1492 2582 meritaque,
1507 2525 1571 2564 cum
1586 2512 1774 2582 praeterquam
1850 2561 1853 2570 ,

65 2602 135 2675 quad
149 2611 178 2656 tu
190 2597 286 2655 eadem
298 2612 361 2670 quse
373 2596 420 2652 illi
431 2595 746 2667 [contaminaverimus
760 2593 920 2654 celebritate
926 2597 1012 2666 tamn
1026 2603 1057 2652 ut
1067 2604 1142 2652 terro
1155 2597 1236 2654 sileat
1251 2599 1280 2652 in
1295 2601 1440 2670 conspectu
1450 2601 1507 2664 tua,
1524 2605 1559 2668 ut,
1574 2597 1648 2669 quud
1662 2599 1702 2653 est
1711 2599 1777 2670 pul-

67 2688 234 2744 cherrimum
257 2700 292 2739 ac
307 2682 529 2755 potentissimum
551 2679 675 2736 uictoria
688 2696 786 2752 qenus,
810 2679 978 2747 turturinas
992 2685 1019 2736 et
1044 2681 1266 2738 bellicosissimas
1282 2685 1374 2754 pentes
1399 2691 1506 2740 terreae
1528 2683 1728 2754 perdomueris,
1744 2699 1778 2740 ac

69 2776 264 2832 munitissimas
279 2771 361 2828 urbes
380 2774 510 2843 fumoque
533 2768 763 2841 inexpupnabiles
778 2770 944 2841 computeris
970 2769 1005 2824 ad
1018 2770 1195 2827 deditionem.
1210 2773 1267 2827 Nos
1288 2786 1353 2828 uara
1375 2774 1433 2846 qui
1451 2787 1598 2828 sacrarum
1622 2771 1779 2828 litterarum

67 2865 162 2921 studiis
178 2861 375 2928 incumbimus,
391 2858 538 2914 laudumus
548 2857 661 2930 quidem
675 2873 707 2914 nu
720 2858 887 2929 suscipimus
901 2858 1023 2914 illustria
1037 2859 1093 2914 illu
1104 2859 1280 2932 qtariosaque
1292 2861 1366 2932 lucta
1381 2868 1439 2930 tua,
1452 2874 1514 2932 qum
1528 2869 1555 2916 te
1571 2859 1704 2918 clodovei
1717 2863 1779 2918 htu-

69 2957 123 3026 qni,
143 2951 238 3009 Caroli
252 2950 357 3021 ltaqni,
384 2948 510 3020 Philippi
531 2947 660 3016 Aupusti,
683 2945 818 3002 Ludooiei
839 2949 942 3015 sancti,
959 2947 1099 3004 Francisci
1112 2949 1208 3020 primi,
1221 2935 1347 3006 ¹ilenriui
1360 2948 1454 3020 llaqni
1468 2951 1516 3005 aui
1539 2950 1582 3004 tui
1594 2963 1780 3006 successorem

69 3059 122 3100 esse
132 3041 254 3114 probant
267 3055 275 3108 ;
289 3038 336 3094 sed
350 3041 445 3094 tamm
459 3037 490 3092 in
503 3033 603 3100 primis
616 3035 732 3092 colimus
745 3034 881 3091 eximium
895 3034 975 3092 illam
987 3051 1052 3108 erqa
1066 3037 1152 3092 ileum
1171 3038 1301 3109 pietatem
1315 3053 1398 3110 quum
1410 3037 1513 3114 tabique
1527 3037 1657 3109 ostendis,
1671 3045 1697 3095 et
1710 3039 1776 3094 alsu-
1847 3053 1852 3066 ·

70 3133 176 3187 ritatem
193 3131 226 3185 in
239 3125 361 3184 subditos
375 3132 434 3182 tuas
447 3129 529 3182 entra
544 3140 661 3196 requam
674 3125 739 3182 lesu
755 3123 859 3181 Christi
872 3127 1015 3197 superiore
1027 3123 1133 3184 sumto
1145 3127 1330 3197 precipitatus
1343 3129 1404 3184 arte
1418 3135 1446 3182 et
1463 3126 1603 3183 industria
1616 3142 1711 3184 eorum
1730 3122 1780 3200 qni

71 3221 155 3290 mapis
170 3235 224 3276 sua
238 3217 400 3290 querebant
413 3231 496 3288 quam
510 3230 543 3270 ea
557 3228 620 3286 que
632 3221 698 3269 sunt
710 3215 775 3272 lesu
796 3213 911 3270 Christi.
926 3213 1062 3285 intelliqis
1082 3217 1213 3286 prosectu,
1229 3215 1288 3270 lieu
1300 3217 1515 3287 sapientissime,
1532 3217 1607 3288 tuqui
1620 3231 1664 3271 me
1677 3217 1711 3272 dc
1724 3215 1779 3272 mi-

67 3313 134 3367 seris
149 3309 271 3380 illisqui
284 3305 478 3361 insidiosorum
487 3303 675 3375 aulallacium
684 3303 772 3359 aelatis
781 3303 862 3358 iltius
875 3303 1018 3360 hominum
1027 3302 1174 3375 fraudibus
1185 3303 1377 3375 circumuenti,
1388 3320 1538 3376 eurumque
1547 3307 1677 3376 fiqmenta
1691 3305 1777 3360 acde·

71 3400 138 3456 liriu
151 3401 305 3470 sequentes,
320 3411 352 3450 oc
364 3411 438 3450 uana
451 3409 502 3466 pro
515 3393 587 3449 ueris
601 3393 804 3464 amplectentes,
820 3409 838 3448 a
853 3391 969 3450 ueritule
985 3393 1106 3464 quidem,
1123 3392 1194 3465 quod
1207 3395 1335 3463 laturum
1348 3399 1496 3452 monuerat
1506 3395 1611 3450 Paulus
1625 3394 1776 3466 apostulus,

69 3489 194 3544 auditum
209 3487 379 3552 namnum,
394 3484 431 3539 ad
450 3480 563 3554 tabulas
585 3488 676 3538 autem
689 3486 755 3536 sunt
769 3481 895 3538 conuersi
909 3489 935 3537 et
957 3481 992 3536 ad
1005 3483 1132 3537 insanias
1145 3482 1242 3552 salsus,
1257 3497 1402 3553 secumque
1416 3486 1535 3552 posterus
1548 3498 1611 3538 suas
1625 3485 1778 3538 transerunt

70 3595 101 3632 sn
115 3577 239 3632 eamdem
252 3572 454 3630 calamitatem.
467 3571 503 3626 lu
518 3585 591 3637 uero,
607 3571 665 3626 lleu
679 3569 924 3637 christianissime,
939 3569 1005 3626 illos
1018 3569 1049 3624 in
1064 3569 1137 3626 uiam
1152 3585 1261 3628 reuauas
1274 3571 1421 3643 prudentia
1435 3576 1463 3626 et
1475 3572 1639 3626 dexteritate
1650 3570 1775 3626 admira·

78 3665 138 3730 bili,
147 3663 218 3716 nihil
229 3677 281 3732 per
293 3661 361 3729 aim,
377 3658 449 3713 nibil
461 3674 511 3730 per
526 3667 631 3714 metum
644 3658 759 3728 spendo,
774 3659 825 3716 sed
838 3666 948 3714 tantum
962 3661 1069 3714 osterna
1083 3658 1197 3713 meliore
1210 3657 1354 3729 reliqione,
1369 3661 1395 3714 el
1408 3660 1527 3715 coercita
1541 3671 1673 3714 nouorum
1687 3659 1775 3713 honsi-

66 3769 133 3808 num
144 3751 270 3806 libertate
280 3751 355 3804 intra
366 3749 500 3803 terminas
511 3745 665 3802 edictorum
680 3748 820 3818 sepiarum
834 3767 841 3816 ;
856 3747 925 3804 adeo
939 3755 971 3802 ul
983 3746 1069 3802 multi
1078 3761 1173 3802 eorum
1184 3763 1227 3818 ac,
1243 3755 1273 3803 ut
1285 3749 1326 3803 ila
1340 3747 1472 3818 diaerim,
1483 3747 1636 3813 innumeri,
1645 3747 1693 3818 qut
1705 3761 1776 3804 coeca

66 3855 161 3897 errare
173 3838 350 3894 deuiamanl
363 3853 381 3892 a
394 3844 469 3892 recta
485 3835 550 3906 tte,
565 3851 641 3890 nunu
654 3834 763 3906 coquito
778 3837 904 3903 ueritate,
920 3835 1039 3891 romnus
1050 3834 1226 3906 iubentesque
1240 3849 1283 3892 aus
1297 3834 1369 3891 ritus
1382 3836 1585 3908 amplectantur
1596 3834 1695 3909 quibus
1704 3833 1775 3892 alim

65 3931 229 3984 conseerala
238 3933 280 3981 est
294 3924 421 3981 Ecclesia
436 3923 586 3980 Gallicana
597 3923 631 3979 ab
642 3923 798 3996 apostolicis
813 3924 882 3978 uiris
896 3925 945 3996 qui
958 3940 1019 3979 eam
1031 3924 1243 3979 consuluerunt.
1262 3925 1330 3993 Quae
1344 3940 1412 3980 aura
1424 3925 1568 3996 sclipiunis
1580 3923 1631 3980 Dei
1645 3924 1710 3980 adeo
1720 3925 1776 3981 alte

65 4019 171 4086 pectori
186 4021 233 4072 tuo
249 4013 338 4085 infiea
352 4017 435 4070 estut
449 4029 512 4068 cum
526 4011 624 4069 ciuitas
639 4013 885 4084 hrqentarutensis,
912 4011 1025 4085 qumod
1039 4016 1066 4068 te
1080 4027 1267 4084 coronamque
1281 4021 1357 4070 tuum
1370 4013 1511 4085 spectabat
1525 4015 1606 4083 iusta
1619 4018 1700 4084 pacta
1711 4029 1775 4070 can·

66 4111 146 4162 uentu
161 4105 239 4178 apud
252 4101 445 4160 llanusterium
464 4100 677 4174 Westphalorum
697 4105 723 4158 et
737 4101 947 4172 Nouiumapum,
970 4115 1060 4174 nuper
1075 4099 1111 4156 ad
1124 4101 1287 4172 obsequium
1301 4102 1438 4172 rediisset,
1452 4105 1530 4173 leque
1543 4102 1687 4157 domiuum
1700 4101 1775 4158 haud

64 4195 154 4251 inuita
169 4193 379 4262 recoqnuuisset,
395 4191 469 4247 nihil
482 4189 629 4262 antiquius
642 4194 691 4246 aut
705 4192 828 4246 sanetius
843 4191 974 4246 habueris
988 4205 1071 4262 quam
1086 4194 1117 4246 ul
1133 4191 1194 4258 eius
1208 4192 1375 4263 episcopum,
1390 4191 1456 4248 hine
1468 4191 1653 4261 pulsumante
1666 4199 1775 4247 centum

63 4289 88 4342 et
101 4285 307 4358 quinquaqinta
321 4296 420 4352 annos,
439 4281 468 4335 in
488 4295 549 4336 cam
562 4279 712 4335 Ecclesiam
736 4281 881 4336 reduceres
895 4293 958 4351 quse
972 4293 1000 4338 se
1018 4297 1036 4335 a
1052 4281 1206 4350 Dapuberlu
1222 4281 1389 4336 Francorum
1411 4295 1475 4350 repe
1488 4279 1626 4351 qloriatur
1638 4295 1695 4336 esso
1708 4283 1776 4351 lun-

66 4375 169 4430 datam.
185 4371 282 4428 Facias
296 4371 336 4426 ita
350 4385 467 4443 semper,
481 4371 541 4426 Rea
555 4367 749 4436 invictissime,
765 4384 953 4440 necunquam
968 4369 999 4424 in
1021 4376 1080 4424 tam
1096 4372 1195 4426 sancto
1216 4383 1298 4442 opere
1319 4374 1368 4426 ant
1389 4367 1500 4426 animus
1514 4373 1577 4424 tuus
1591 4372 1641 4424 aut
1662 4371 1777 4441 fortuna

67 4465 206 4532 lassam
220 4463 247 4516 et
262 4459 328 4516 dum
339 4457 490 4515 Ecclesiam
502 4458 623 4532 proteps's
638 4465 663 4514 el
677 4473 770 4531 ornas,
786 4459 869 4516 etiam
885 4465 931 4514 tuo
945 4459 1040 4530 souare
1053 4473 1217 4530 prosequere
1231 4475 1330 4516 nauum
1345 4457 1417 4515 hanc
1428 4457 1579 4515 editionem
1594 4459 1777 4530 epistolarum

67 4551 208 4622 pontificis
222 4564 286 4607 uere
300 4549 428 4605 maximi.

408 4720 500 4773 Saura
516 4715 663 4790 Majastuli
678 4717 746 4774 'lun

1204 4826 1417 4884 Davalissimue
1432 4825 1582 4895 subditae,

1281 4923 1381 4996 steph.
1396 4927 1550 4982 Bsuuzrue.

199 5205 482 5260 muraenularum
495 5205 553 5256 Kal.
567 5205 678 5256 ianuar.
693 5205 764 5257 isse.

103 5353 147 5424 (l)
177 5351 363 5434 Epistularum
387 5347 539 5406 lnnueentii
561 5351 612 5420 lll,
644 5349 760 5405 Romani
785 5351 900 5422 pontiti-
955 5369 1031 5410 uuna
1043 5353 1170 5425 primum
1183 5354 1282 5420 edidit,
1304 5354 1414 5426 reliqua
1435 5353 1598 5411 emendant.
1614 5350 1782 5423 -Parieis‚

70 5425 120 5496 eis,
135 5425 207 5479 ttbn
222 5422 348 5478 undecim
360 5439 367 5487 ;
385 5421 516 5478 accedant
526 5425 600 5492 qesta
612 5419 732 5490 ejusdem
748 5419 903 5478 iunocentii
958 5426 1035 5498 apud
1047 5426 1234 5482 Francisaum
1246 5415 1377 5498 Magum,
1389 5425 1604 5498 typographum
1618 5425 1695 5498 regis
1707 5430 1735 5482 et
1745 5423 1781 5480 it-

67 5507 93 5554 et
108 5496 209 5569 prima
233 5494 354 5550 collectio
377 5493 557 5549 decretalium
573 5492 722 5562 composita
737 5507 754 5546 o
771 5494 903 5560 ,haimeriu
957 5495 1130 5553 lustrissimi
1141 5495 1351 5569 archiepiscopi
1364 5497 1544 5563 larissiensis,
1556 5497 1635 5563 1682,
1645 5513 1711 5553 aum
1724 5495 1782 5568 pri·

67 5569 195 5625 diauouu
211 5569 237 5621 et
256 5565 389 5621 monacho
409 5565 607 5643 Pomponiano:
631 5562 787 5634 Stephanus
810 5565 903 5622 Brau-
957 5569 1013 5626 uile
1036 5572 1155 5642 aragia.
1171 5569 1255 5624 Tomi
1271 5570 1329 5624 duo
1345 5569 1374 5624 ia
1391 5567 1439 5623 lul.
1456 5569 1487 5625 in
1503 5585 1596 5624 unum
1613 5568 1768 5640 compacti.

11 5659 12 5696 t
68 5656 148 5712 zius,
176 5636 337 5708 lutetiasis,
353 5638 384 5692 in
398 5652 486 5692 unum
507 5635 628 5714 culleqsl,
644 5650 773 5706 maqnam
796 5641 904 5708 partem
994 5583 1034 5714 (Ξῖ
1048 5641 1163 5712 lleqistr.
1179 5639 1331 5710 denepotio
1346 5641 1457 5712 imper„
1473 5641 1560 5714 epist.
1576 5641 1623 5713 64,
1638 5645 1659 5696 t.
1675 5641 1725 5696 111.

216 5753 338 5810 Parnon.
358 5752 474 5809 ccxlv.
1622 5770 1640 5809 a

28 5873 114 5986 „a
