3972 6068
70 409 124 464 705
586 410 840 469 PONTIFICATUS
859 411 955 470 ANNO
974 410 1010 481 Il,
1030 411 1168 470 CHRISTI
1188 412 1267 471 tiss.
1725 417 1777 474 706

68 541 145 604 tum,
161 535 361 592 obedientiam
372 541 546 594 consuetam
561 543 591 594 et
605 536 893 594 reverentiamdebi·
907 572 936 636 Α
951 537 1151 610 preacipiendo
1176 540 1355 597 mandamus
1378 545 1538 612 qnatenus,
1555 540 1615 596 sive
1635 540 1776 599 adsersus

69 629 132 680 tam
143 624 269 699 denegat
279 625 428 682 exhihere.
446 627 517 682 Cum
533 626 623 700 igitur
636 627 673 684 de
684 625 753 699 jure
768 625 897 683 naturali
953 628 1091 685 eumdem
1102 629 1385 702 compostellanum,
1398 630 1458 686 sire
1471 631 1612 687 adversus
1628 631 1778 688 venerabi·

69 714 222 787 procedat,
235 718 264 770 et
278 715 334 770 hoc
345 714 443 786 ipsum
458 716 488 770 iu
503 714 660 789 Evangelio
676 715 819 772 Dominus
829 731 896 771 ma·
952 715 1012 771 lem
1024 717 1147 774 fratrem
1162 725 1298 775 nostrum
1308 721 1517 776 zamorensem
1531 720 1716 793 episcopum,
1731 721 1777 778 rel

67 801 193 859 nifastet
202 801 292 874 quod,
305 819 489 876 quacunque
501 804 637 861 volumus
647 804 801 860 utfaciant
811 803 897 859 nobis
952 804 1041 862 etiam
1057 806 1197 864 adversus
1211 813 1371 880 utrumque
1382 825 1472 882 super
1484 810 1541 866 hoc
1556 810 1777 884 agerevoluerit

68 893 219 960 homines,
232 898 261 948 et
271 908 326 948 nos
341 893 446 949 eadem
462 892 504 949 eis
516 893 614 950 facere
629 893 803 963 debeamus,
820 893 897 948 sicut
950 895 1192 970 archiepiscopus
1206 898 1406 966 diacoconem,
1432 897 1657 956 denuntiatione
1672 904 1774 956 tamen

67 981 157 1038 nohis
168 980 205 1038 ah
216 981 284 1038 aliis
294 981 426 1038 debitum
435 982 580 1040 honorem
591 983 733 1055 impendi,
746 983 789 1038 sic
798 982 896 1038 fratri·
949 983 1027 1040 facta
1039 987 1122 1058 prius
1134 988 1245 1044 arabis
1260 987 1510 1060 Compostellano,
1526 993 1568 1057 ut,
1594 989 1618 1044 si
1638 989 1773 1059 voluerit,

66 1069 125 1128 bus
136 1075 167 1127 et
181 1071 366 1144 coepiscopis
381 1073 492 1128 nostris
507 1089 524 1129 a
537 1072 664 1129 subditis
675 1071 783 1130 deferri
794 1071 895 1127 volen-
949 1075 1158 1134 zamoreusem
1169 1078 1341 1152 episcopum
1352 1082 1480 1145 tueatur,
1491 1077 1516 1132 si
1527 1078 1715 1134 Bracarensis
1723 1080 1772 1133 za·

66 1165 124 1230 tes,
140 1159 237 1218 eidem
249 1160 342 1233 priori
357 1161 393 1218 de
406 1162 558 1218 communi
585 1162 711 1218 fratrum
725 1166 896 1218 nostrorum
950 1179 1120 1222 morensom
1135 1166 1276 1223 maluerit
1289 1168 1457 1233 convenire,
1472 1183 1523 1222 ros
1536 1167 1573 1224 ad
1585 1168 1683 1224 locum
1699 1183 1772 1224 con·

66 1250 194 1306 consilio
209 1240 381 1324 perscripta
389 1249 701 1323 nostraproecipiendo
716 1248 895 1306 mandamus
949 1268 1055 1325 mcum
1081 1257 1267 1322 accedentes,
1292 1256 1329 1312 ad
1353 1272 1442 1330 quem
1462 1263 1560 1328 partes
1574 1273 1643 1312 suos
1658 1257 1774 1329 possint

63 1345 176 1395 utnon
191 1337 327 1396 obstante
343 1339 516 1412 hujusmodi
531 1339 695 1413 privilegio,
706 1355 803 1412 neque
814 1355 896 1395 com·
949 1343 1024 1397 teste
1042 1341 1227 1413 inducere,et
1246 1345 1282 1402 de
1297 1345 1377 1403 fama
1389 1345 1561 1419 diligentius
1574 1345 1772 1418 inquirentes,

63 1429 209 1486 missione
224 1427 261 1484 ad
274 1433 312 1497 te,
322 1427 415 1485 irater
428 1430 576 1502 episcope,
590 1435 619 1485 et
628 1428 710 1501 prius
722 1429 894 1500 episcopum
948 1430 1083 1500 partibus
1096 1435 1413 1508 convocatis,etipsius
1423 1451 1518 1492 causae
1535 1435 1647 1491 meritis
1659 1451 1714 1508 per
1723 1450 1774 1493 ea·

64 1517 277 1576 Lamecensem
293 1516 473 1576 etdilectum
483 1517 578 1576 filium
591 1517 721 1591 priorem
730 1514 894 1573 ecclesiola
948 1535 1015 1575 rum
1024 1522 1218 1580 assrsrtionem
1234 1523 1353 1595 plenius
1361 1523 1531 1593 intellectis,
1544 1523 1582 1580 ad
1595 1525 1774 1582 sententiam

63 1607 706 1681 posteaimpetrate,praefatoarchiepiscopo
718 1605 893 1662 etEcclesirs
948 1609 1147 1680 appellatione
1157 1613 1332 1685 postposita,
1349 1613 1528 1685 procedatis,
1544 1613 1698 1682 facientes,
1714 1619 1772 1670 etc.

62 1696 241 1754 Bracareusi
255 1696 292 1752 de
306 1701 413 1754 caetero
429 1695 494 1753 siue
503 1695 738 1754 contradictione
749 1692 891 1768 qualibet,
946 1698 1047 1755 Testes
1057 1705 1209 1773 cogantur.
1221 1702 1303 1768 Quod
1314 1701 1338 1759 si
1353 1719 1467 1772 omues,
1478 1707 1547 1770 etc,
1556 1705 1588 1758 tu
1597 1703 1689 1760 irater
1698 1704 1773 1760 Oxo·

61 1785 143 1842 sicnt
156 1784 206 1840 alii
221 1783 336 1857 praelati
352 1801 412 1841 suae
429 1783 564 1841 diaecesis
588 1783 711 1854 iaciunt,
737 1781 891 1840 humiliter
946 1800 1038 1856 men,
1064 1794 1133 1858 etc,
1156 1789 1198 1845 ita
1221 1788 1300 1862 quod
1323 1791 1348 1847 si
1363 1791 1491 1848 alterum
1508 1795 1650 1859 vestrum,
1666 1790 1773 1850 iratres

60 1873 185 1930 obedire
196 1878 344 1948 procuret.
355 1873 499 1940 Quocirca
513 1873 686 1930 discretioni
710 1877 813 1929 restrae
837 1887 891 1946 per
945 1875 1770 1954 Pomuguenetriacenein.decedereforteconugerit,

58 1961 547 2036 apostolicascriptapraeoipiendo
555 1962 887 2034 mandemusquatenus
903 1937 930 2005 Β
943 1963 1033 2022 liceat
1044 1967 1274 2040 meuopclitono
1286 1985 1339 2026 suo
1349 1969 1380 2025 in
1390 1969 1490 2027 locum
1498 1967 1671 2027 decedentis
1680 1985 1771 2042 quem

59 2052 86 2108 si
103 2051 263 2125 predictus
274 2051 356 2124 prior
365 2051 506 2110 mandato
520 2057 621 2109 nostro
632 2067 738 2125 parere
749 2051 888 2119 noluerit,
943 2053 1070 2112 voluerit
1083 2073 1120 2113 ox
1134 2058 1197 2114 suis
1211 2059 1406 2133 suffraganeis
1418 2061 1589 2134 subrogare.

56 2157 113 2198 ros
129 2157 198 2197 eum
213 2139 250 2198 ad
265 2139 295 2196 id
309 2140 432 2198 recitate
453 2141 571 2216 cognita
592 2157 645 2214 per
659 2157 815 2198 censuram
840 2155 889 2196 eo·
978 2143 1096 2215 Datum,
1109 2151 1140 2202 ut
1153 2163 1249 2220 supra.

58 2229 259 2287 clesiasticam
275 2229 339 2286 sine
355 2229 564 2304 appellationis
578 2229 731 2287 obstaculo
750 2229 886 2302 compel—
1306 2264 1398 2320 CLIII·

55 2319 140 2376 latis.
154 2317 275 2386 Quodsi
292 2336 408 2390 omnes,
423 2323 480 2377 etc.

940 2365 1061 2407 cusnrcrs
1089 2369 1184 2410 sineri
1214 2369 1373 2424 caesaram,
1393 2369 1448 2411 riu
1474 2371 1665 2414 reseruemus
1691 2371 1768 2422 auru

92 2409 212 2479 Datum,
227 2413 366 2479 utsupra.

429 2497 497 2553 cm
974 2455 1099 2510 rurum,
1119 2457 1255 2498 usuoutcu
1279 2458 1486 2500 substituuttofs
1511 2461 1537 2500 lif
1562 2461 1730 2503 euasurum.

138 2583 287 2638 oxomusi,
306 2578 523 2637 rourucserusr,
542 2581 804 2624 metamaucensi
1098 2532 1136 2586 ΒΘ
1158 2534 1361 2631 ⁶⁰”fll‘m‘f‘20m
1381 2534 1603 2635 emathaeorum.

396 2670 543 2713 mmm
1135 2619 1294 2692 (Laterani,
1307 2637 1325 2676 1
1341 2620 1405 2678 Kal.
1420 2623 1568 2696 Augusti.)

53 2749 92 2803 U,
107 2761 217 2802 ,amam
231 2745 442 2816 pomposum
458 2749 484 2800 αἱ
510 2745 658 2800 mom„
684 2743 883 2816 4„qupr
972 2725 1013 2780 Ea
1027 2725 1525 2798 quaeaproedecessorihnsnostris
1535 2728 1677 2786 Romanis
1687 2745 1763 2802 pou·

180 2833 264 2889 super
276 2816 398 2874 Ecclesia
417 2817 572 2872 zamorensi
583 2822 756 2886 coquoscaut.
936 2811 1066 2870 tiiicihus
1080 2814 1195 2870 ratione
1206 2813 1315 2888 previa
1330 2821 1512 2885 statuuntur,
1527 2822 1609 2874 tanta
1625 2818 1762 2876 volumus

323 2907 452 2975 (Datum,
466 2905 613 2978 utsupra.)
767 2973 768 2978 η
935 2899 1051 2957 ssrmius
1066 2901 1228 2970 observari,
1255 2909 1365 2976 quanto
1391 2904 1427 2961 de
1450 2907 1606 2964 maturiori
1625 2908 1762 2965 videntur

86 2993 242 3050 Gumolim
253 2993 547 3052 inter'foletauamet
557 2995 768 3050 Bracarensem
779 2992 879 3050 Eccle·
934 2989 1059 3046 consilio
1068 2991 1271 3062 processisse;
1288 2997 1363 3048 eine
1376 2993 1561 3066 inposterum
1571 2995 1699 3071 alicujus
1709 3011 1759 3053 va-

48 3085 196 3156 siasuper
215 3083 385 3140 zamorensi
409 3083 592 3156 episcopatu,
608 3099 698 3155 quem
709 3088 779 3139 tunc
794 3081 880 3138 Tole-
932 3075 1015 3134 leant
1025 3079 1191 3136 temeritate
1204 3080 1327 3149 turbari,
1339 3081 1502 3153 apostolico
1514 3084 1761 3142 suntmunimine

47 3177 141 3228 fanus
156 3171 408 3244 archiepiscopus,
420 3177 454 3229 ut
467 3172 586 3241 dicitur,
600 3171 781 3244 possidebat,
797 3187 879 3243 quae·
930 3165 1091 3224 fulcienda.
1101 3167 1250 3226 Sanecum
1261 3169 1348 3226 bonae
1356 3171 1508 3228 memorias
1518 3174 1647 3232 loannes
1656 3175 1762 3234 Crema

48 3261 295 3328 stiorerteretur,
306 3245 629 3318 felicisrecordationis
639 3261 786 3334 Eugenius
801 3275 878 3332 papa
931 3255 1070 3312 Ecclesiae
1084 3261 1189 3314 restrae
1204 3259 1360 3331 presbyter
1374 3260 1535 3318 cardinalis
1553 3263 1584 3319 in
1599 3266 1761 3336 presentia

47 3350 254 3423 predecessor
267 3354 380 3418 noster,
396 3365 453 3406 nec
463 3349 749 3422 Compostenanensi
758 3348 875 3406 archia·
890 3309 915 3378 G
929 3342 1025 3400 felicis
1036 3345 1363 3404 recordationisCalixti
1373 3364 1456 3422 papas
1467 3351 1697 3422 praedecessoris
1706 3371 1760 3412 no·

46 3440 173 3513 piscopo
183 3453 240 3495 nec
250 3439 388 3512 episcopo
399 3437 569 3494 zamorensi
580 3437 680 3505 citato,
691 3453 747 3494 nec
757 3437 875 3494 denun-
929 3433 984 3488 stri
996 3433 1137 3490 adversus
1156 3434 1282 3492 ciericos
1305 3437 1404 3494 Sancti
1429 3436 1588 3496 Salvatoris
1612 3440 1648 3498 de
1673 3443 1761 3498 Curta

46 3527 175 3584 fictione
185 3527 296 3599 aliqua,
305 3527 381 3583 sicut
391 3524 569 3584 venerahilis
576 3525 669 3582 frater
677 3529 780 3582 noster
789 3525 877 3582 Com·
930 3538 1014 3578 suam
1030 3523 1218 3595 deposuisset
1230 3525 1395 3597 querelam,
1408 3544 1462 3599 pro
1478 3544 1512 3584 eo
1528 3528 1666 3586 videlicet
1680 3530 1760 3604 quod

44 3615 283 3689 postellunensis
297 3615 538 3688 archiepiscopus
550 3619 709 3682 asseverat,
719 3613 874 3686 superhoc
929 3614 990 3666 tam
1005 3611 1032 3666 ei
1047 3627 1137 3682 quam
1149 3612 1290 3668 Ecclesiae
1302 3620 1407 3670 vestrm
1416 3614 1546 3672 debitam
1558 3615 1760 3676 obedientiam

45 3705 129 3762 facta
143 3704 268 3773 eisdem,
293 3704 472 3761 sententiam
486 3719 540 3776 pro
555 3703 728 3760 Bracarensi
743 3702 875 3759 Ecclesia
929 3699 1156 3769 subtraxissent,
1169 3701 1274 3774 etjura
1284 3703 1468 3774 parochialia
1478 3703 1758 3780 denegarent,idem

45 3795 258 3869 promulgarit,
269 3793 403 3850 scribens
414 3793 563 3865 episcopo,
573 3792 652 3848 clero
663 3793 811 3865 etpopulo
821 3795 873 3850 za·
928 3788 1130 3860 praedecessor
1143 3795 1256 3860 noster,
1272 3796 1397 3864 utruque
1414 3800 1499 3866 parte
1514 3795 1551 3852 ad
1568 3812 1653 3852 suam
1677 3814 1754 3870 prm·

45 3884 181 3942 murensi
195 3888 228 3940 ut
241 3883 268 3940 ei
281 3888 312 3938 et
323 3882 461 3940 Ecclesia
474 3881 647 3938 Bracareusi
657 3887 800 3953 tanquam
812 3898 873 3938 sua
928 3878 1054 3936 seutiam
1070 3884 1189 3936 evocata
1203 3886 1233 3937 et
1243 3882 1409 3938 rationibus
1422 3884 1577 3957 utriusque
1594 3885 1753 3961 diligenter

44 3972 206 4045 metropoli
220 3971 375 4029 humiliter
388 3971 545 4038 obedirent
554 3987 589 4026 ac
603 3971 793 4044 postmodum
804 3988 874 4044 pos-
927 3967 1037 4025 auditis
1052 3973 1081 4024 et
1094 3969 1376 4043 cognitisinspectis
1386 3973 1475 4028 etiam
1487 3973 1649 4048 privilegiis
1663 3977 1750 4032 bonas

46 4062 214 4119 sessioncm
229 4061 323 4133 ipsius
331 4060 520 4117 Bracarensis
533 4059 785 4132 archiepiscopus,
796 4061 874 4118 sicut
926 4058 1078 4113 memoriae
1089 4061 1150 4114 tam
1159 4058 1282 4116 loannis
1293 4061 1341 4116 XV
1351 4077 1445 4133 papae,
1457 4062 1536 4133 quod
1547 4064 1749 4136 supradictam

45 4151 137 4208 nobis
163 4167 198 4207 ex
224 4155 308 4222 parte
327 4165 382 4206 sua
399 4149 662 4222 fuitpropositum,
676 4154 723 4206 est
735 4149 875 4222 adeptus.
926 4147 1089 4203 Ecclesiam
1105 4147 1202 4204 Sancti
1216 4147 1374 4206 salvatoris
1387 4150 1424 4206 de
1439 4151 1526 4206 Gurte
1541 4151 1573 4208 in
1586 4151 1681 4210 fundo
1697 4155 1751 4210 Ec·

46 4237 317 4296 Postmodumvero
328 4238 872 4312 idemGompostellanusarchiepisco·
926 4234 1025 4290 clesiae
1046 4241 1149 4306 vestre
1165 4237 1219 4292 sub
1235 4253 1327 4294 censu
1341 4255 1441 4294 arinuo
1458 4241 1650 4298 constitutam
1665 4259 1752 4298 mon-

45 4345 106 4401 pus
116 4328 212 4400 primo
223 4328 333 4384 ubanae
346 4327 497 4384 memoriae
508 4326 675 4384 Alexandro
691 4341 768 4399 papa
777 4343 810 4383 ac
819 4326 873 4382 de-
927 4322 1146 4395 strahat,quam
1157 4322 1267 4380 Urbani
1277 4327 1303 4380 ll
1314 4326 1345 4381 in
1356 4343 1414 4399 quo
1426 4327 1578 4384 evidenter
1588 4328 1753 4387 diffinitum

45 4433 132 4474 mum
147 4416 543 4489 aluciopraedecessorihus
554 4417 664 4472 uostris
673 4415 711 4472 ad
720 4415 873 4490 delegatos
927 4414 1044 4488 agnovit
1054 4418 1087 4469 ut
1101 4413 1202 4469 clerici
1216 4414 1366 4485 praedicta
1382 4415 1522 4472 Ecclesia
1538 4417 1636 4474 Sancti
1653 4418 1753 4474 Salva-

41 4504 164 4580 judices
178 4511 284 4562 contra
296 4506 505 4562 zamorensem
527 4504 712 4578 episcopum,
728 4505 780 4576 qni
802 4510 873 4560 tunc
926 4503 999 4558 toris
1010 4503 1150 4558 essentin
1160 4503 1304 4559 canonica
1315 4504 1510 4578 subjectione,
1522 4505 1693 4564 etfacereut
1703 4524 1753 4564 vo-

46 4591 872 4667 sejuxtaejusdemarchiepiscopiassertionemhabehat
910 4591 1754 4666 ,bisetEcclesiaevestraeohedientiametdeherentscru-

45 4701 102 4759 pro
117 4683 214 4752 libito,
228 4683 344 4740 litteras
356 4682 543 4756 impetrarit3
561 4681 611 4753 qui
626 4699 679 4754 pro
692 4698 726 4738 eo
739 4681 871 4738 diffiniti·
887 4667 913 4732 D
929 4680 1753 4754 finium,baptisma,capitulum,possessionesetclerico·

45 4789 114 4829 vam
130 4771 308 4828 seutentiam
324 4771 530 4844 protulerunt:
546 4771 632 4842 cujus
648 4770 873 4842 inquisitionem
928 4769 1204 4826 rumordinationes
1214 4769 1295 4825 vobis
1307 4771 1480 4828 etEcalesiae
1491 4775 1754 4848 vestraesicutpro-

45 4860 367 4918 felicisrecordationis
377 4859 514 4916 Urbanus
523 4875 600 4932 papa
611 4860 812 4932 praedecessor
822 4877 874 4916 no·
928 4857 1754 4930 priotituloexhihere,quaeidemcardinaliadtuitionem

48 4957 112 5008 ster
126 4950 277 5006 commisit
286 4948 508 5022 adpetitionem
518 4947 695 5004 venerahilis
705 4947 805 5004 fratris
819 4965 874 5004 uo·
929 4964 990 5004 sue
1001 4963 1097 5004 causae
1105 4947 1136 5002 in
1147 4947 1279 5004 medium
1291 4947 1484 5020 producebat,
1496 4949 1620 5008 fratrum
1632 4969 1754 5008 suorum

48 5035 873 5110 stribracarensisarchiepiscopifaciendamNuperau·
928 5036 1030 5092 habito
1046 5036 1170 5092 consilio
1185 5053 1238 5108 per
1253 5038 1433 5095 sententiam
1448 5039 1587 5098 diffinivit
1602 5041 1754 5113 prefatam

49 5135 111 5186 tem
123 5127 276 5184 cumidem
287 5125 545 5199 Compostellanus
556 5125 674 5182 etidcm
685 5125 874 5182 Bracarensis
928 5125 1091 5184 Ecclesiam
1101 5127 1200 5183 Sancti
1210 5127 1485 5188 Salvatorisdebere
1494 5131 1679 5204 inpraedictis
1689 5147 1754 5186 om·

49 5216 267 5289 archiepiscopi
287 5220 410 5288 propter
433 5215 510 5270 hanc
530 5217 559 5270 et
572 5213 646 5270 alias
661 5229 775 5280 causas,
801 5230 874 5284 quas
928 5215 1017 5272 nibus
1031 5222 1135 5272 restrae
1147 5216 1286 5274 Ecclesia
1295 5219 1477 5290 respondere
1490 5241 1497 5287 ;
1512 5236 1602 5292 quam
1617 5219 1756 5276 videlicet

49 5305 200 5363 habehant
212 5305 249 5362 ad
263 5305 400 5373 invicem,
416 5304 454 5360 ad
469 5309 602 5360 nostram
614 5303 804 5374 presentiam
820 5319 873 5360 ac·
929 5305 1107 5362 senteutiam
1122 5304 1207 5362 bonae
1220 5308 1372 5364 memorias
1396 5308 1587 5365 Innocentius
1604 5313 1633 5364 ct
1647 5308 1753 5365 Lucius

49 5395 211 5452 cessissent
220 5400 345 5467 etsuper
355 5393 402 5450 bis
412 5393 518 5448 fuisset
527 5391 563 5448 ab
575 5392 618 5448 eis
629 5391 801 5464 aliquandiu
812 5389 874 5446 dis·
928 5409 1005 5467 papa
1017 5394 1165 5450 secundus
1182 5396 1371 5467 postmodum
1383 5398 1690 5464 confirmaruntsicut
1700 5413 1753 5454 eo·

47 5487 207 5557 captatum,
224 5483 261 5540 de
276 5481 401 5540 consilio
416 5480 544 5538 fratrum
559 5485 729 5536 nostrorum
754 5484 873 5536 senteu-
927 5498 995 5538 rum
1007 5481 1135 5538 vidimus
1144 5481 1304 5556 privilegiis
1315 5484 1471 5540 contineri.
1482 5486 1614 5556 Cumque
1625 5491 1756 5558 postmo-

48 5569 448 5630 tinudodecrevimusutilla
458 5568 646 5626 sententiaiu
657 5568 740 5624 nullo
752 5584 873 5641 prorsus
928 5569 999 5626 dum
1012 5569 1147 5642 praedicti
1162 5570 1263 5626 clerici
1277 5573 1412 5628 eamdem
1435 5573 1551 5630 nollent
1575 5576 1755 5634 sententiam

47 5663 206 5721 obsisteret
220 5659 443 5734 archiepiscopo
459 5658 505 5715 rel
524 5657 663 5714 Ecclesia
688 5657 870 5716 Bracarensi.
929 5660 1095 5728 ohservare,
1111 5659 1197 5716 bonae
1212 5661 1365 5717 memoriae
1381 5662 1476 5720 Guido
1497 5664 1635 5722 Ecclesiae
1651 5671 1755 5724 vestrae

46 5755 177 5826 ideoque
192 5751 372 5810 fraternitati
386 5755 490 5808 restrae
512 5766 566 5825 per
580 5750 743 5824 apostolica
764 5749 874 5824 scripta
928 5748 1027 5808 Sancti
1041 5749 1195 5822 Grisogoni
1206 5749 1361 5824 presbyter
1375 5751 1547 5825 cardinalis,
1556 5755 1757 5830 inpraesentia

170 5871 282 5932 Parnoi
314 5869 429 5928 CCXIV.
1592 5875 1627 5934 2³
