3952 6042
234 298 297 336 aaa
941 249 1142 338 innuerunt
1161 277 1264 340 rara
1896 325 1949 366 aa

232 405 376 480 antequem
389 403 463 462 idern
476 406 592 462 nuntias
605 404 688 484 paci,
704 419 766 461 cnm
789 403 906 463 uenisset
917 406 1059 478 episcopus
1072 406 1103 475 Α
1116 403 1199 464 illum
1213 406 1383 480 equitaturis
1397 417 1424 469 et
1438 415 1599 473 sommariis
1614 433 1686 490 pene
1700 421 1848 495 ducentis,
1880 429 1950 488 tecit

231 495 416 568 Tripolitanos
431 494 487 566 (73)
502 492 693 568 eteamujori
706 503 798 565 porte,
813 497 943 552 canonici
971 493 1060 568 tepidi
1113 511 1178 552 eum
1193 499 1266 568 apud
1294 499 1432 558 Sanctum
1459 503 1574 564 Petrum
1601 508 1636 563 ed
1665 515 1851 581 praesentiam
1867 534 1950 578 suern

227 585 350 640 nimium
364 593 391 639 er
404 581 524 649 remissi,
537 583 982 653 etnotarinsep‘nsicmcomitisah
991 601 1060 655 prce·
1113 585 1423 663 idemdominuepupe
1447 595 1556 664 venire,
1585 599 1701 658 mittens
1731 602 1763 660 in
1793 622 1949 666 occursum

227 670 1059 737 intraneorum,narraremusransarrmemmeeren
1113 671 1203 745 tostus
1230 678 1365 747 quosaam
1394 682 1565 754 ceretanus,
1594 698 1757 750 senatorem
1786 694 1887 769 Urbis,
1921 706 1949 756 ot

227 759 275 816 sd
289 775 379 832 neque
392 759 580 816 excusationis
592 761 721 828 colorem,
732 761 1059 835 snperecqnortmandc.
1113 762 1185 820 allus
1200 764 1304 824 multos
1331 767 1443 826 nobiles
1471 779 1499 828 et
1528 779 1695 847 magnatem
1713 780 1840 855 iecitque
1864 786 1948 844 illum

228 851 265 906 tis
275 847 375 905 nostris
388 862 445 903 non
456 853 599 919 paruerat.
616 851 672 906 Nos
692 857 789 906 autem
810 850 1057 920 respondebamus.
1112 854 1186 923 apud
1202 853 1338 913 Sanctum
1354 861 1469 916 Petrum
1484 861 1515 918 in
1526 863 1611 922 dome
1625 871 1838 930 canonicorum
1856 877 1948 936 hono·

226 923 299 1010 paui
313 936 463 1008 difficultas
477 935 534 992 heca
549 952 604 993 non
616 939 803 1010 proveniebat,
814 939 918 996 nisiex
935 939 1054 1012 quotam
1113 941 1240 999 rabiliter
1252 942 1402 1017 hospitari.
1419 949 1514 1008 Tertio
1527 968 1595 1010 vero
1608 954 1663 1026 die,
1680 959 1711 1015 ia
1736 959 1814 1018 festo
1841 965 1948 1022 videli-

113 1097 115 1102 1
226 1043 292 1084 casn
306 1027 460 1098 inopinato,
474 1024 588 1094 scilicet,
605 1028 671 1098 quin
685 1043 795 1085 mamas
810 1028 839 1084 in
847 1031 989 1102 procincta
1013 1045 1060 1086 re·
1113 1032 1399 1108 oetsanctillartiai,
1433 1039 1566 1108 praetatus
1593 1045 1729 1104 dominus
1761 1067 1848 1122 papa,
1878 1070 1947 1113 aum

226 1115 340 1172 cedendi
353 1114 387 1171 de
400 1123 487 1182 terra,
501 1124 527 1172 et
541 1116 628 1173 eundi
642 1115 917 1191 Constantinopolim
934 1135 987 1192 pro
997 1134 1059 1175 con·
1112 1119 1263 1192 episcopis,
1278 1124 1452 1196 presbyteris
1466 1136 1492 1185 et
1506 1131 1635 1191 diaconis
1649 1138 1861 1210 cardinalibus,
1891 1146 1946 1216 prl-

225 1207 325 1263 sitioet
343 1204 451 1261 ancilia
464 1205 632 1276 pereprinis,
648 1209 697 1278 qni
711 1207 751 1262 tbi
763 1223 814 1280 pro
835 1207 1059 1266 Christianitatis
1112 1209 1230 1268 micaria
1246 1219 1272 1268 et
1286 1214 1460 1285 cantoribus,
1474 1227 1618 1295 senatore,
1643 1224 1820 1300 justitiariis,
1842 1233 1947 1302 jndici-

225 1294 337 1352 sercitio
355 1293 491 1349 intonant.
509 1292 561 1348 Cni
574 1297 750 1351 excusationi
763 1297 1047 1368 cinmepo,prohcne
1113 1298 1336 1368 bus,advoeatis
1356 1309 1382 1361 et
1411 1306 1579 1378 scriniariis,
1610 1314 1767 1388 multisque
1795 1319 1945 1378 nobilibus

225 1387 297 1442 speie
310 1385 440 1440 Rorname
453 1381 580 1440 Ecclesia
596 1383 677 1439 verbo
692 1383 719 1438 in
737 1385 849 1457 publico
873 1389 1058 1444 consentirem
1111 1388 1452 1466 acpopulocopioso,ad
1469 1401 1788 1464 monesteriumSauoti
1819 1408 1944 1467 Pancra-

227 1475 293 1547 (71),
310 1473 424 1529 mntem
438 1487 484 1543 opo
500 1470 648 1544 solfredus,
660 1472 800 1532 advocatis
814 1491 936 1533 scorsum
946 1475 1057 1533 comino
1110 1477 1141 1532 tii
1155 1483 1287 1549 martyris
1302 1497 1390 1554 prope
1403 1486 1605 1546 Transtiberim
1634 1497 1677 1550 est
1704 1494 1878 1566 prolectus;
1894 1499 1945 1557 ibi·

225 1561 380 1628 cardtnati
405 1559 572 1618 Coesnriensi
599 1561 807 1636 archiepiscopo
836 1564 904 1636 (75),
932 1568 1056 1638 episcopo
1110 1579 1164 1636 que
1177 1567 1325 1636 praelatum
1350 1584 1444 1642 regem
1468 1589 1517 1643 per
1541 1591 1645 1634 manus
1673 1581 1758 1656 Petri,
1777 1583 1944 1646 Parmensis

227 1651 414 1718 Cremonensi,
429 1659 455 1707 e,
468 1649 618 1707 mm
630 1651 715 1708 em„
730 1652 797 1725 (75),
812 1653 931 1724 firmum·
953 1670 1054 1726 propo.
1108 1654 1328 1728 episcopatem
1348 1657 1459 1732 inungi,
1473 1677 1558 1735 quem
1575 1670 1757 1737 postmodum
1776 1674 1840 1745 ipse
1855 1693 1942 1735 manu

224 1741 270 1800 rui
282 1743 322 1798 eis
337 1740 473 1814 preceps
488 1755 581 1797 coram
602 1739 655 1796 lieo
669 1749 695 1798 ct
708 1742 749 1798 ch
761 1742 798 1799 de
812 1743 861 1800 hoc
873 1745 947 1814 sacto
962 1759 1046 1800 cacu-
1063 1779 1089 1844 B
1109 1743 1220 1814 propria
1241 1748 1396 1817 coronarit,
1413 1748 1537 1822 largiens
1551 1755 1577 1810 ei
1593 1756 1699 1828 regalia
1720 1761 1853 1838 insignia
1878 1766 1942 1822 uni-

221 1839 298 1887 satns
311 1844 368 1887 osse
383 1828 516 1897 uolebam,
531 1835 558 1885 et
571 1827 719 1886 uidebatur
735 1831 807 1887 mihi
819 1848 872 1904 pro
886 1834 1049 1905 certarnen
1110 1847 1199 1900 verse,
1217 1842 1345 1892 mantum
1368 1835 1498 1896 videlicet
1523 1845 1551 1898 et
1574 1843 1728 1915 colobium,
1745 1859 1895 1923 sceptrum
1915 1861 1943 1912 et

225 1918 503 1990 tmtanriaprocdicti
516 1918 612 1974 nuntii
621 1919 701 1988 justa
722 1929 789 1979 esset
806 1930 832 1978 et
862 1921 1053 1998 admitterem
1107 1936 1236 1993 pomum,
1252 1934 1426 1983 corenamet
1448 1929 1571 2002 mitram,
1601 1937 1750 2008 corporale
1764 1939 1802 1997 ab
1817 1957 1852 2000 eo
1867 1943 1941 2001 reci·

223 2013 250 2066 et
264 2023 311 2080 epo
322 2015 441 2077 paratus
454 2022 544 2072 eram,
559 2009 584 2062 si
608 2008 730 2079 placeret
758 2009 870 2067 canino
898 2011 1052 2084 cardinali,
1109 2009 1190 2081 piens
1201 2011 1406 2082 jurameutum,
1423 2017 1504 2086 cujus
1520 2025 1600 2078 tener
1615 2029 1656 2080 est
1672 2025 1737 2083 talis
1754 2045 1762 2083 :

224 2098 299 2171 qnod
312 2096 455 2171 petebatur
468 2096 804 2170 efficere,proecpooctsic
820 2102 914 2170 inerat
932 2116 1054 2156 commn-
1145 2103 1201 2171 810
1215 2105 1314 2159 recres
1329 2119 1379 2160 m
1413 2109 1580 2179 Allclfflmmr
1605 2114 1738 2185 lli⁰fii⁶⁰l
1751 2124 1780 2174 0²
1809 2121 1947 2192 polticeor

122 2210 125 2222 .
223 2191 255 2244 m·
269 2186 468 2244 wipperam
482 2193 589 2254 norrea,
605 2186 779 2245 Hierusalem
794 2190 877 2261 repis,
889 2189 1056 2262 temptoria-
1108 2188 1179 2260 paret
1192 2205 1299 2262 sempor
1312 2207 1358 2249 ero
1372 2192 1462 2264 tidelis
1477 2199 1503 2252 et
1514 2198 1642 2257 obediens
1657 2202 1772 2262 damino
1787 2224 1850 2266 meo
1870 2227 1949 2283 papa

221 2274 589 2347 rnm,liospitolnriorinm‚
614 2275 759 2346 baronum,
773 2279 985 2350 pereprinornm
1008 2289 1056 2352 qut
1108 2278 1280 2346 innocentio,
1295 2283 1410 2355 elinque
1436 2285 1578 2344 catholicis
1603 2295 1821 2368 successoribus,
1850 2307 1876 2356 et
1898 2301 1948 2356 lic·

187 2431 189 2436 ,
221 2367 324 2422 Accone
336 2363 463 2431 aderant,
486 2361 706 2420 irrevocabiliter
720 2369 822 2422 statam
852 2375 932 2439 atone
957 2367 1053 2438 pirme-
1107 2366 1201 2425 ctesiae
1215 2373 1354 2438 hemana,
1370 2389 1540 2445 repnumque
1554 2393 1646 2434 meum
1661 2382 1690 2436 in
1705 2382 1800 2455 ipsius
1820 2386 1948 2444 obedien·

224 2463 294 2525 tum,
309 2469 359 2510 nec
386 2451 508 2517 decebat,
537 2450 632 2508 taliter
659 2459 686 2509 et
712 2453 754 2511 sic
776 2456 941 2513 solemniter
967 2464 1053 2512 statn-
1109 2457 1149 2523 pia
1163 2456 1284 2526 fideliter
1296 2463 1471 2531 consecrabo,
1487 2463 1635 2537 defendens
1657 2469 1740 2540 ficiem
1768 2475 1944 2547 catholicam,

221 2541 480 2614 lumprentititatc
494 2538 874 2618 Christianitatis‚inesficoa
887 2561 944 2605 esse
966 2548 992 2602 et
1017 2547 1053 2602 it·
1107 2547 1133 2600 et
1145 2560 1313 2620 persepnens
1338 2547 1495 2607 hoereticum
1516 2558 1699 2626 pravitatem.
1726 2561 1895 2623 Libertatem
1918 2569 1944 2622 et

227 2631 373 2689 lintrium·
1107 2634 1314 2692 immunitatem
1330 2639 1512 2697 ecclesiaram
1526 2645 1688 2718 custodiam,
1704 2656 1731 2706 et
1751 2667 1859 2710 eornm
1878 2656 1943 2728 jetra

263 2723 358 2780 CXIX·
375 2724 446 2790 tiata
460 2742 525 2784 tero
539 2726 624 2800 legati
640 2729 675 2784 de
694 2724 824 2798 partibus
838 2725 901 2784 illis
930 2743 1054 2786 recessa·
1107 2721 1262 2793 miratam.
1280 2726 1311 2782 ln
1329 2729 1406 2784 omni
1420 2735 1497 2786 terra
1511 2737 1640 2804 potestati
1653 2753 1720 2794 mea
1742 2743 1869 2816 subjecta
1892 2761 1942 2817 pa-

225 2818 302 2882 runt,
322 2809 601 2886 Constantinopolim
630 2816 797 2873 accedentes
824 2815 892 2889 (77),
921 2818 1054 2875 dominus
1109 2827 1167 2868 cern
1180 2822 1208 2869 et
1216 2815 1357 2885 justitiam
1371 2833 1482 2876 serame
1494 2822 1614 2880 studebo.
1631 2825 1678 2883 Sic
1697 2844 1740 2885 me
1763 2832 1839 2889 Dens
1862 2833 1941 2906 adju.

225 2915 298 2970 papa
314 2915 430 2957 causam
446 2905 589 2960 cummisit
604 2905 639 2960 de
656 2903 787 2970 tractio,
804 2904 839 2960 de
855 2903 951 2963 Monte
978 2907 1054 2962 Tita-
1108 2906 1160 2962 oct.
1175 2906 1202 2958 ct
1216 2903 1272 2959 hoec
1286 2909 1384 2961 sancta
1398 2908 1448 2964 Dei
1461 2911 1627 2983 Ecanpetia.

224 2977 278 3042 bc'r
291 2986 452 3059 abbatibus,
467 3000 496 3046 et
509 2991 654 3048 nobilibus
670 2991 739 3050 viris
754 2991 882 3048 commiti
910 2992 1054 3051 Bersabee
1144 2989 1235 3047 cxxt.
1253 2993 1360 3050 Deinde
1376 2996 1508 3067 prelatus
1524 3015 1571 3056 res
1587 3018 1652 3059 curn
1667 3005 1756 3064 multo
1767 3008 1861 3066 laudis
1871 3026 1941 3083 prm·

224 3080 251 3132 ct
267 3073 300 3133 G.
316 3075 351 3132 de
368 3077 528 3148 Furnirale,
557 3078 613 3136 hoc
641 3080 726 3136 modo
754 3081 832 3152 (78):
864 3082 922 3136 Etsi
947 3098 1055 3154 semper
1110 3079 1195 3135 conio
1224 3087 1252 3136 et
1276 3080 1380 3139 luroris
1402 3085 1540 3156 applausu
1569 3101 1720 3150 coronatus
1748 3099 1835 3154 rediit
1859 3099 1939 3171 jueta

223 3164 359 3222 imno,
376 3165 469 3222 ,Mum
497 3167 535 3223 ,ip
562 3168 693 3235 mortar„
723 3169 772 3240 qur
799 3171 930 3225 tempu,
955 3147 1257 3228 amarpCdomiaum
1272 3187 1374 3242 papam
1390 3175 1424 3230 ad
1447 3173 1592 3234 basilicam
1623 3179 1720 3238 Sancti
1750 3183 1939 3260 Petri,super

221 3255 374 3325 proximos,
391 3263 444 3312 ero,
458 3256 522 3315 Dat.
539 3261 641 3328 homa,
657 3257 729 3330 apori
744 3256 772 3314 S.
787 3259 911 3331 Petrum,
936 3264 1050 3318 nrttten.
1106 3257 1190 3326 cujus
1204 3256 1295 3316 altare
1310 3268 1455 3333 sceptrum
1469 3272 1497 3321 et
1515 3266 1646 3325 diadema
1673 3270 1816 3346 deposuit,
1845 3284 1873 3334 et
1902 3277 1936 3335 de

222 3341 300 3414 itali,
315 3359 363 3400 au.
378 3360 440 3400 vttt.
1106 3361 1192 3402 manu
1208 3348 1335 3418 ejusdem
1352 3351 1462 3409 damini
1477 3371 1555 3426 pape
1583 3356 1735 3416 militarem
1761 3378 1862 3422 ensem
1889 3383 1936 3422 ac·

258 3433 342 3490 citit.
357 3433 439 3490 hano
452 3433 572 3506 septimo
585 3435 769 3507 pontificatus
782 3436 892 3493 domiai
908 3437 1051 3496 lnnocen-
1105 3436 1179 3507 cepit
1207 3453 1397 3511 regnumque;
1414 3457 1497 3499 suurn
1526 3443 1605 3502 beato
1634 3447 1726 3521 Petro,
1742 3454 1934 3524 apostolarum

222 3519 705 3597 tilpapaelll,menseNcrernbri,
728 3524 836 3594 Petrus,
868 3541 916 3582 rex
944 3532 1051 3600 Arege-
1104 3524 1239 3599 principi,
1256 3527 1358 3586 obtulit
1386 3528 1515 3603 illudque
1542 3533 1597 3592 sibi
1625 3539 1770 3597 constituit
1801 3545 1933 3602 censuale

221 3624 302 3679 nuru,
317 3609 351 3666 ad
367 3612 552 3682 apostolicam
565 3614 662 3671 sedern
684 3613 813 3684 accessit,
838 3621 869 3670 ut
894 3614 930 3672 ab
950 3617 1050 3674 eodem
1105 3631 1154 3685 per
1170 3616 1309 3688 privilegii
1324 3619 1467 3691 paginam,
1484 3637 1568 3692 (tuam
1589 3625 1682 3684 eidem
1712 3646 1792 3703 nuptu
1820 3634 1933 3691 tradidit

220 3698 337 3756 domiuo
350 3716 423 3772 papa
438 3700 560 3758 militare
573 3702 721 3773 cingulum
736 3711 761 3760 et
776 3702 883 3774 regium
907 3705 1050 3776 acciperet
1103 3720 1188 3774 super
1203 3706 1298 3776 ipsum
1313 3705 1412 3776 altare,
1428 3712 1510 3780 culus
1523 3715 1606 3770 tener
1620 3723 1662 3772 est
1678 3716 1759 3776 talis:

220 3786 352 3844 diadema
365 3787 431 3860 (79).
447 3788 535 3845 Venit
549 3797 643 3847 eutem
659 3806 708 3860 per
732 3807 810 3848 mare
834 3807 900 3849 cunr
922 3794 1048 3865 quinque
1140 3792 1208 3850 Cum
1221 3795 1301 3851 corde
1313 3796 1423 3852 creatam
1437 3807 1463 3856 et
1476 3815 1523 3856 ore
1536 3803 1680 3876 confitear,
1696 3808 1768 3880 qnod
1792 3813 1928 3869 Romanus

220 3875 320 3945 galeis,
335 3882 363 3932 et
376 3875 516 3947 applicuit
530 3878 603 3948 apud
625 3879 750 3936 insulam
776 3880 852 3936 tuter
879 3885 995 3938 Portum
1021 3888 1049 3939 et
1100 3883 1235 3953 pontisare,
1251 3885 1302 3955 qni
1314 3894 1355 3942 est
1374 3885 1446 3943 beati
1464 3891 1541 3946 Petri
1567 3907 1715 3968 summaer,
1743 3899 1868 3958 vicarius
1893 3899 1931 3956 sit

219 3965 339 4034 Ostiam,
366 3965 512 4022 adducens
539 3981 636 4024 secum
673 3967 869 4026 arelatensem
907 3969 1048 4042 archiepi-
1102 3972 1180 4028 illins
1191 3988 1242 4044 per
1256 3989 1336 4046 quem
1351 3991 1427 4047 repes
1441 3985 1559 4049 repnant
1573 3991 1600 4038 et
1611 3986 1753 4060 principes
1766 3992 1929 4064 principan-

219 4066 350 4124 scopum,
365 4055 549 4125 prepositum
564 4054 1046 4130 111311111111111,11111118υεί1·
1100 4065 1156 4128 tur,
1171 4063 1219 4133 pni
1233 4060 1393 4119 dominatur
1405 4066 1436 4121 in
1447 4084 1532 4137 repro
1547 4071 1735 4142 hominnm,ct
1745 4080 1794 4134 cni
1811 4079 1928 4138 uoluerit

216 4141 314 4198 tertull
328 4141 436 4199 electus
451 4143 554 4200 biantis
568 4144 691 4214 ttajoris,
708 4144 793 4202 etalii
809 4145 923 4216 quidam
949 4146 1046 4205 clerici
1100 4149 1186 4206 liubit.
1203 4151 1271 4222 Epo,
1290 4155 1395 4220 Petrus,
1413 4154 1461 4211 liei
1474 4160 1571 4225 pratia
1585 4176 1636 4217 rea
1648 4164 1821 4237 troporum,
1843 4181 1928 4225 conns

218 4227 371 4288 nobileset
386 4232 550 4303 prudentes.
574 4233 705 4291 Proceres
733 4249 844 4307 queque
872 4250 969 4293 secum
995 4237 1045 4294 ud·
1100 4239 1322 4307 barcinonensi
1348 4241 1481 4302 mnium
1508 4246 1607 4306 hantis
1632 4253 1789 4326 Pessntoni,
1817 4256 1927 4331 capiens

125 4387 130 4392 ι
218 4319 300 4376 duxit
313 4320 460 4392 Sanctum,
476 4328 608 4392 patruum
621 4337 717 4391 suum,
732 4322 879 4394 lingerent
901 4324 937 4382 de
956 4325 1044 4384 Bruu-
1097 4329 1294 4402 principaliter
1308 4329 1376 4403 (80),
1389 4341 1451 4405 post
1464 4335 1560 4406 Deam,
1577 4337 1651 4396 beati
1661 4343 1739 4399 Petri
1765 4350 1791 4401 et
1819 4353 1926 4419 aposto·

219 4408 274 4477 oio,
290 4407 458 4466 ltocelinum
473 4409 509 4466 de
525 4410 664 4480 Mamilia,
678 4412 836 4469 arnaldum
851 4413 886 4469 de
914 4414 1066 4482 Fetlanos
1098 4411 1244 4474 liccescdis
1266 4422 1434 4489 protectione
1460 4428 1578 4498 muniri,
1608 4429 1669 4496 tibi,
1699 4434 1925 4491 reverendissime

218 4505 245 4552 et
258 4496 330 4553 elice
345 4498 451 4555 multos
467 4499 578 4557 nobiles
594 4507 621 4558 et
635 4506 775 4572 potentes.
793 4501 889 4558 Missis
899 4510 994 4560 eutem
1005 4505 1040 4560 ad
1060 4510 1087 4576 D
1101 4506 1185 4562 Pater
1198 4509 1224 4562 et
1238 4506 1349 4565 nornine
1361 4525 1467 4568 summe
1479 4514 1607 4586 pontifex
1621 4517 1772 4594 Innocenti,
1789 4529 1816 4579 ct
1829 4529 1923 4596 perte,

254 4644 312 4716 (73)
325 4644 395 4703 vite
410 4662 496 4718 supra
510 4657 592 4707 natas
606 4652 640 4708 ed
657 4652 672 4724 ξ
687 4653 732 4710 13.
1100 4656 1278 4735 solymitanis
1294 4669 1479 4733 recesserant,
1495 4669 1523 4720 et
1537 4662 1815 4739 Constantinopolim
1829 4686 1923 4730 acces·

253 4716 308 4787 (71)
325 4717 415 4774 Verbo
429 4721 458 4775 in
472 4721 587 4792 publico
614 4727 802 4781 consentirem.
820 4725 866 4782 Sic
893 4726 923 4782 ln
948 4727 1046 4785 cotilae
1100 4735 1203 4784 serant.
1220 4730 1291 4785 Vrde
1304 4730 1439 4801 epistolas
1456 4733 1519 4790 libri
1536 4739 1669 4806 septimi:
1685 4740 1754 4808 1023
1770 4743 1852 4800 lincis
1877 4745 1922 4800 Ve-

219 4787 422 4858 Vallicellanu;
439 4793 512 4862 apud
537 4795 681 4852 baluzium
711 4795 837 4853 incumbo
865 4797 896 4851 in
922 4797 1043 4868 publico.
1099 4807 1225 4855 netarum
1239 4799 1275 4854 nd
1287 4817 1389 4872 popam
1402 4827 1409 4871 t
1423 4804 1487 4860 siue
1501 4805 1565 4861 dota
1576 4821 1587 4870 ,·
1609 4839 1644 4850 -
1657 4812 1721 4876 287,
1738 4814 1823 4887 Popur
1837 4815 1872 4871 ab
1885 4817 1920 4870 11.

250 4859 308 4932 (75)
325 4857 465 4917 Monacha
481 4862 526 4935 (de
542 4881 599 4937 que
614 4882 708 4938 supra,
726 4869 758 4922 111
774 4866 842 4936 588,
855 4883 889 4922 es
901 4869 1043 4940 archiepi-
1098 4871 1195 4927 ducem
1212 4872 1393 4942 Vmerorum
1409 4875 1466 4931 dat.
1483 4875 1591 4946 Remea,
1607 4884 1681 4953 apud
1697 4887 1726 4940 S.
1743 4884 1869 4956 Petrum,
1895 4901 1922 4942 rr

216 4930 1043 5083 :tttrtttttttiltttttttltlsiltlttttlitiis
1095 4940 1160 5069 iii·
1176 4942 1921 5092 litote“tetihinteribit-itii³s·

256 5045 263 5057 ι
354 5043 361 5072 ,
469 5046 477 5074 5
971 5055 975 5066 ι
1152 5055 1158 5069 ι
1201 5056 1207 5070 s
1340 5058 1346 5073 s
1815 5072 1822 5098 5
1859 5071 1865 5084 .
1910 5065 1917 5082 s

218 5075 312 5140 tuerit,
329 5075 448 5132 omnino
462 5078 618 5136 nescimus.
635 5080 703 5138 Vide
720 5079 865 5152 teotrien,
878 5081 924 5138 Or.
939 5081 1041 5141 Christ.
1096 5085 1221 5151 b.;dat.
1242 5086 1438 5158 ltomae,epud
1458 5093 1486 5145 8.
1516 5095 1640 5162 Petrum,
1670 5113 1719 5154 xm
1747 5100 1805 5156 llal.
1830 5098 1920 5155 ltartii

216 5153 284 5203 tom.
302 5147 353 5214 lll,
369 5145 519 5204 eutices.
1095 5171 1141 5212 su.
1153 5172 1192 5212 vn
1205 5156 1244 5218 (id
1260 5165 1301 5213 est
1314 5173 1362 5214 an.
1379 5159 1484 5217 Christi
1500 5163 1590 5235 1205).

252 5217 307 5302 (76)
323 5218 480 5276 stannum
505 5220 585 5287 1202,
611 5223 819 5278 memoratoria
830 5223 971 5282 Chronica
993 5225 1041 5281 lt·
1141 5229 1187 5292 78)
1203 5229 1275 5286 vite
1289 5231 1438 5299 epistolam
1455 5234 1467 5288 1
1486 5233 1551 5292 librl
1565 5237 1670 5294 octavi.

215 5284 302 5345 berlei
316 5290 395 5362 (edit.
412 5292 487 5364 Lips.
508 5291 588 5359 1698,
605 5299 676 5364 part.
695 5308 726 5359 tt,
740 5310 803 5365 pag.
833 5294 896 5366 126)
926 5297 1039 5367 quidem
1140 5298 1187 5367 79)
1202 5299 1305 5357 Gonier
1316 5302 1465 5374 epistotam
1484 5305 1539 5360 229
1561 5305 1626 5364 libri
1655 5311 1779 5382 septimi,
1808 5320 1836 5372 et
1857 5325 1917 5385 qua

213 5358 332 5417 loannes
347 5365 488 5435 episcopus
502 5365 663 5420 Acmonensis
681 5365 790 5422 electus.
808 5363 885 5420 ldem
911 5367 1040 5423 nondum
1093 5367 1134 5425 ibi
1149 5369 1282 5428 adnotata
1296 5381 1373 5430 suut.

214 5429 945 5506 adhucconseerarus,crustatim‹tuotectnqut
974 5439 1038 5495 Bel·
1129 5441 1185 5514 (80)
1215 5443 1423 5516 Principaliter.
1454 5447 1499 5504 Sic
1524 5447 1554 5506 ia
1582 5451 1679 5508 codiee
1708 5452 1914 5522 Vallicellen03

215 5499 336 5557 aninum
353 5505 376 5572 1,
394 5514 457 5576 post
471 5515 579 5579 captam
596 5507 883 5580 Constantinopolim,
899 5511 931 5564 tn
946 5511 1038 5582 impe·
1091 5512 1165 5594 aput
1178 5511 1335 5583 baluzium,
1351 5534 1404 5574 nac
1419 5533 1477 5575 nan
1496 5519 1571 5592 apud
1595 5521 1783 5597 Rapurlrmm,
1809 5526 1915 5598 princi·

214 5578 337 5629 retorem
353 5575 498 5646 elegeruut
512 5595 560 5636 an.
578 5579 657 5636 1201.
1092 5582 1162 5654 pots.

249 5641 306 5717 (77)
322 5643 387 5702 iarn
401 5646 437 5703 ab
451 5664 526 5708 anno
541 5650 610 5708 1201
621 5650 707 5727 legati
720 5650 755 5708 de
783 5651 912 5724 partibus
939 5653 1039 5711 Hiera·
