3952 6056
114 375 117 382 .
208 330 260 388 alt
694 331 1026 392 muscitantium.
1047 333 1281 394 uuuustouuu
1300 336 1366 394 tia.
1386 338 1409 394 1.
1856 346 1905 400 248

210 476 260 516 ras
274 457 403 516 obtinuit
419 457 573 528 destinari,
595 465 629 518 ut
651 458 764 518 dictum
788 462 820 517 B.
845 459 941 517 tilium
965 461 1030 533 ejus
1044 463 1073 530 Α
1089 477 1224 520 asserens
1237 480 1269 520 se
1282 478 1336 538 per
1348 463 1454 521 falsam
1470 463 1690 539 suggestionem
1715 465 1807 524 luisse
1829 467 1859 526 in
1873 485 1905 526 eo

191 549 288 616 vinira
302 549 428 620 spatium
446 549 557 604 mensis
572 548 671 617 nnius,
692 550 808 606 sublato
823 550 1032 624 appellationis
1088 550 1167 626 quod
1181 570 1235 626 pro
1257 554 1322 627 ipso
1338 554 1369 610 B.
1385 553 1545 627 scripserat
1567 555 1821 626 circumuentum
1841 575 1905 616 cum

210 636 374 704 obstaculo,
389 636 534 710 eligerent
547 641 577 692 et
594 643 782 694 assumerent
796 637 826 693 in
841 637 1033 710 prepositum
1087 643 1166 715 quod
1181 648 1260 700 esset
1273 642 1351 699 infra
1365 659 1465 700 sacros
1480 645 1599 702 ordines
1614 646 1794 704 constitutus
1808 648 1835 703 ei
1849 665 1906 706 non

208 728 437 801 Augustensem‚
450 727 481 782 in
495 725 613 799 signum
628 726 811 784 investitura
820 727 931 785 annulo
943 727 968 782 ei
980 741 1033 782 au·
1087 729 1192 789 luisset
1207 749 1399 804 expressum:
1416 733 1476 790 imo
1487 735 1586 806 potius
1597 734 1676 807 quod
1691 732 1818 792 idoneus
1833 744 1907 794 esset

211 833 261 872 reo
276 816 440 882 destinato;
456 813 676 871 venerabilibus
691 815 833 872 fratribus
843 817 954 872 nostris
965 815 1032 870 Fri·
1087 819 1118 876 bi
1134 821 1186 892 qni
1200 838 1254 894 pro
1269 838 1303 878 eo
1317 822 1459 894 petebant
1473 823 1529 895 ipsi
1546 839 1704 898 suggerere
1717 826 1905 883 curavissent.

211 905 325 978 singen.
342 904 522 960 etEisteten.
535 905 681 976 episcopis
691 909 720 960 et
730 904 838 961 dilecto
850 905 911 960 fllia
927 903 1033 976 majori
1087 913 1123 965 Et
1133 911 1204 966 lieet
1227 927 1279 982 pro
1295 911 1359 984 ipso
1383 910 1505 969 odietis
1528 914 1693 986 Frisingen.
1718 919 1749 970 et
1771 917 1905 974 Eisteten,

210 993 326 1070 Spircn.
337 993 495 1066 praepositc
505 993 637 1050 mandati
646 993 800 1066 apostolici
812 993 1033 1050 exsecutoribus
1088 1001 1236 1074 episcopis
1246 1005 1275 1058 et
1285 1001 1392 1073 mojori
1403 1001 1795 1074 Spireupraepcsitolitterae
1805 1005 1909 1062 luerim

211 1083 388 1140 constitutis.
398 1084 534 1139 Decenus
544 1087 643 1140 autem
653 1089 682 1138 et
692 1083 853 1155 capitulum
865 1082 1031 1152 memorati,
1087 1095 1275 1162 praesentatae
1301 1091 1334 1146 in
1356 1089 1464 1162 quibus
1480 1091 1523 1148 eis
1548 1092 1579 1148 in
1604 1092 1713 1148 virtuts
1736 1093 1907 1152 obedientis

211 1189 278 1230 cum
293 1171 448 1228 audissent
461 1170 541 1243 quod
561 1171 656 1226 dictus
680 1171 792 1228 electus
806 1171 911 1228 luisset
926 1171 955 1226 in
971 1171 1033 1242 epi·
1087 1178 1469 1251 mandabaturutipsumin
1478 1181 1700 1252 possessionem
1711 1181 1907 1253 praepositurae

113 1289 119 1296 ·
211 1284 333 1344 scopum
347 1267 551 1338 confirmatus,
566 1272 636 1328 licet
648 1272 742 1328 dictas
755 1273 869 1329 litteras
885 1273 1034 1344 suscepis-
1087 1267 1264 1325 inducerent
1278 1268 1463 1340 corporalem
1475 1287 1483 1337 ς
1494 1269 1587 1326 nullis
1601 1269 1712 1327 litteris
1727 1270 1906 1327 obstantibus

210 1368 286 1431 sent,
299 1364 329 1420 in
340 1368 542 1436 contemptum
556 1368 655 1420 minen
666 1379 778 1431 earum,
792 1365 940 1438 assignato
950 1363 1032 1436 prius
1086 1361 1155 1414 ante
1170 1357 1215 1413 uel
1229 1363 1297 1430 post
1310 1374 1328 1414 a
1343 1357 1413 1414 sede
1432 1359 1595 1429 apostolica
1610 1359 1779 1432 impetratis
1793 1377 1802 1426 ς
1817 1359 1907 1416 dictus

209 1454 337 1510 termino
353 1453 431 1510 intra
441 1469 529 1524 quern
545 1452 600 1525 ipsi
624 1452 768 1510 deberent
789 1469 878 1526 super
891 1452 1031 1509 mandato
1086 1451 1186 1504 tamen
1201 1447 1403 1520 predecessor
1417 1453 1520 1504 noster
1534 1464 1584 1506 eas
1599 1448 1775 1506 nullatenus
1792 1449 1828 1506 de
1842 1466 1907 1506 con-

208 1543 372 1616 apostolico
381 1541 573 1614 respondere,
587 1542 621 1599 ll.
634 1543 873 1616 tunoltugusten.
886 1541 1031 1599 decanum
1087 1544 1212 1601 scientia
1222 1561 1276 1602 sua
1286 1561 1442 1602 emanasse
1453 1547 1607 1619 rescripsit
1617 1551 1648 1604 et
1657 1547 1740 1619 ipsas
1751 1547 1905 1604 decernens

208 1632 240 1688 in
253 1631 444 1704 praepositum
456 1631 582 1704 elegere.
599 1631 655 1687 Sed
667 1648 705 1687 ne
721 1631 786 1703 ejus
806 1631 1033 1688 confirmaretur
1085 1650 1191 1691 uacuas
1200 1635 1351 1704 etinanes,
1360 1634 1385 1691 si
1394 1635 1466 1706 quid
1475 1636 1650 1692 auctoritate
1663 1635 1904 1708 ipsarumiactum

208 1721 326 1789 electio,
350 1720 429 1777 idern
454 1721 485 1776 B.
509 1719 546 1775 ad
570 1721 739 1792 apostolice
757 1720 836 1776 sedis
850 1719 1032 1776 audientiam
1085 1723 1182 1781 iuerat
1195 1723 1339 1792 irritavit3
1355 1725 1502 1782 mandans
1520 1724 1633 1782 eisdem
1644 1725 1905 1797 judicibusnteum

208 1809 377 1882 appellavit.
394 1811 430 1865 Et
443 1808 513 1866 licet
527 1825 617 1880 super
630 1808 687 1865 hoc
710 1808 900 1881 postmodum
921 1825 939 1864 a
961 1809 1031 1866 sede
1046 1838 1073 1904 Β
1088 1813 1139 1885 qui
1154 1813 1274 1871 easdem
1289 1813 1404 1870 litteras
1419 1815 1603 1886 impetrarat,
1613 1815 1669 1872 sub
1682 1814 1765 1872 ssdeli
1782 1814 1906 1872 custodia

207 1899 433 1970 apostolicapro
443 1896 522 1953 dicto
533 1897 567 1953 il.
579 1897 685 1954 litteras
699 1898 786 1954 varia
802 1915 836 1955 ac
851 1898 1031 1971 multiplices
1087 1902 1268 1972 detinerent,
1283 1903 1379 1960 donec
1404 1903 1441 1960 ab
1464 1921 1498 1960 eo
1522 1905 1692 1976 reciperent
1707 1905 1741 1960 in
1766 1903 1904 1962 mandatis

209 1986 421 2054 emanaverint,
438 1986 470 2042 in
485 1986 594 2057 quibus
609 1985 636 2042 ei
649 1985 803 2042 videbatur
816 1987 928 2059 imponi
941 1987 1032 2042 silen-
1086 1993 1215 2064 qualiter
1229 2008 1318 2064 super
1333 1993 1390 2049 hoo
1404 1993 1565 2064 procedere
1576 1993 1904 2065 debuissent.Fuitprae·

210 2075 295 2146 tium,
309 2075 339 2132 id
349 2081 449 2132 tamen
461 2080 562 2132 tenere
573 2091 634 2132 non
647 2075 759 2146 debuit,
771 2077 912 2148 quoniam
924 2076 1031 2133 absens
1086 2087 1168 2139 terea
1182 2081 1332 2154 praedictis
1345 2081 1495 2155 objectum
1510 2082 1592 2154 quod
1614 2083 1671 2140 etsi
1685 2082 1859 2156 pradictum
1874 2083 1901 2137 Β.

210 2170 239 2223 et
252 2165 440 2238 irrequisitus
456 2181 516 2222 non
526 2165 623 2236 potuit
637 2165 851 2234 condemnari;
868 2170 897 2222 et
912 2165 967 2238 ipsi
980 2165 1031 2220 ni·
1086 2176 1246 2238 constaret,
1262 2171 1341 2243 quod
1363 2171 1485 2228 omnino
1509 2171 1617 2229 falsum
1645 2177 1720 2240 erat,
1746 2171 1836 2227 fuisse
1857 2187 1904 2242 per

209 2254 373 2314 hilominus
387 2253 576 2326 postmodum
591 2253 669 2310 dicto
685 2255 717 2310 ll.
734 2271 824 2327 super
838 2255 1033 2327 praepositura
1087 2261 1188 2317 sedem
1203 2260 1397 2332 apostolicam
1407 2261 1579 2316 investitam
1590 2265 1620 2316 et
1629 2261 1833 2318 investituram
1844 2259 1901 2331 ejus

209 2349 284 2421 ipsa,
308 2345 388 2418 quod
410 2361 464 2418 per
477 2350 567 2402 testes
590 2345 736 2419 probavit,
761 2351 906 2417 quantum
925 2346 1031 2418 potuit,
1086 2349 1210 2404 minime
1224 2350 1411 2416 revocatam
1429 2349 1499 2420 quia
1519 2353 1620 2406 minen
1631 2349 1713 2406 dicto
1729 2349 1763 2406 H.
1776 2363 1902 2404 reveren-

210 2432 398 2492 contradixit.
415 2431 540 2488 Litteras
556 2431 646 2488 etiam
660 2432 838 2504 apostolicas
853 2432 1031 2504 impetrarit,
1087 2437 1159 2493 tiem
1174 2437 1333 2510 praeposito
1348 2437 1490 2506 debitam,
1501 2437 1579 2510 quod
1594 2438 1729 2510 probasti
1744 2455 1796 2510 per
1810 2441 1900 2502 testes,

208 2531 554 2611 perquasnullislitteris
564 2532 760 2603 obstantibus,
769 2533 801 2589 in
810 2533 1033 2606 possessionem
1086 2526 1222 2582 exhibuit
1234 2531 1264 2583 el
1277 2525 1470 2599 Sflpffldiums
1482 2527 1560 2583 ⁵1⁰1st
1573 2527 1674 2584 wiell
1689 2525 1833 2594 0ffl⁰ssi0i2
1843 2539 1902 2595 Ρθΐ·

208 2623 412 2698 prepositura
420 2619 618 2678 mandabatur
627 2621 737 2679 induci.
749 2621 831 2679 Unde
840 2622 1033 2679 cumeoriam
1087 2616 1165 2688 cepit
1177 2615 1214 2672 ab
1230 2631 1277 2683 ec,
1292 2616 1515 2672 renuntiaverat
1522 2615 1585 2689 juri
1606 2632 1662 2672 suo
1678 2633 1734 2672 nec
1755 2631 1841 2687 super
1854 2613 1901 2668 boc

209 2713 354 2772 universes
378 2711 476 2768 carnis
505 2711 648 2785 ingresso,
671 2711 801 2768 decanus
826 2715 856 2767 et
870 2711 1033 2784 capitulum
1087 2719 1150 2770 erat
1164 2713 1200 2769 dc
1215 2718 1321 2769 cetero
1346 2712 1520 2770 audiendus.
1538 2715 1687 2770 Caeterum
1710 2713 1788 2770 dicto
1809 2712 1903 2766 lina-

210 2804 370 2875 dugusten.
386 2800 497 2857 vellent
510 2800 542 2855 in
557 2799 710 2872 prepositi
721 2799 864 2858 elcotione
873 2800 1033 2874 procedere
1086 2807 1160 2858 tures
1169 2801 1301 2859 debitum
1315 2801 1495 2870 exsolvente,
1511 2819 1579 2859 cnm
1602 2802 1737 2862 decanus
1758 2806 1788 2858 et
1800 2798 1901 2871 capitu-

209 2908 248 2947 ne
271 2889 301 2946 id
318 2890 412 2951 fleret.
435 2888 473 2944 ed
495 2889 595 2945 sedem
606 2893 701 2960 apost.
719 2889 888 2962 appellarit.
906 2890 961 2946 Sed
977 2888 1033 2962 ipsi
1086 2890 1149 2947 lum
1165 2891 1202 2947 de
1215 2891 1341 2947 consilio
1354 2889 1534 2948 venerabilis
1547 2891 1647 2948 fratris
1674 2890 1769 2947 nostri
1784 2883 1901 2960 episcopi

210 2975 1033 3052 appellationiminimedeierentes,exclusisquibusdam
1088 2981 1248 3052 augusten.
1263 2979 1360 3052 primo
1384 2995 1436 3036 sex
1451 2978 1710 3037 hebdomadarum
1734 2995 1769 3035 ac
1783 2973 1900 3034 secundo

212 3065 375 3135 canonicis,
391 3065 569 3137 quibusdam
584 3065 674 3122 etiam
689 3082 750 3122 non
764 3067 885 3134 vocatis,
897 3071 925 3122 te
935 3066 991 3122 sibi
1002 3067 1033 3122 in
1087 3067 1215 3124 aliarum
1230 3085 1281 3124 sex
1296 3073 1325 3124 et
1339 3067 1449 3124 deinde
1472 3069 1564 3125 trium
1579 3069 1698 3126 dierum
1711 3066 1837 3140 spatium
1850 3061 1901 3118 ele·

210 3155 403 3230 praepositum
410 3153 676 3228 elegerunt.Quare
684 3161 765 3212 tuam
775 3155 961 3224 electionem,
973 3173 1033 3212 non
1087 3156 1179 3212 ctioni
1194 3155 1230 3212 dc
1246 3157 1404 3229 praeposito
1418 3155 1652 3222 celebraudae,ut
1666 3156 1805 3214 absentes
1819 3165 1900 3208 cano·

210 3244 247 3302 ab
259 3243 398 3300 omnibus
409 3243 561 3300 canonicis
571 3243 884 3312 concorditerlactam,
900 3244 951 3300 sed
967 3249 1034 3316 post
1047 3208 1074 3276 G
1087 3245 1147 3302 uici
1163 3243 1201 3301 ad
1215 3245 1393 3303 electionem
1408 3249 1631 3314 concurrerent,
1644 3243 1819 3302 statuissent
1832 3235 1902 3296 eteis

209 3332 441 3406 appellationem
451 3331 488 3388 ad
499 3349 554 3390 nos
564 3332 770 3404 interpositam
780 3338 1034 3403 attentatampss-
1086 3335 1526 3410 postmodumoonrenientibus
1536 3335 1642 3393 luisset
1653 3335 1691 3392 de
1704 3333 1845 3392 electione
1855 3333 1902 3383 tra·

210 3422 269 3480 sari
281 3420 439 3494 petebatet
449 3437 480 3476 se
495 3421 526 3476 in
537 3421 730 3494 prepositum
745 3422 1034 3502 confirmenteum
1086 3429 1208 3493 etatum,
1231 3423 1311 3480 idem
1326 3425 1357 3479 B.
1371 3439 1432 3481 non
1447 3428 1535 3481 antea
1556 3423 1738 3481 contradixit
1763 3434 1848 3494 mam
1867 3413 1897 3470 ab

209 3511 289 3568 dicto
299 3510 518 3584 predecessore
526 3515 628 3566 nostro
635 3509 671 3567 de
680 3512 886 3584 prepositura,
895 3509 1033 3584 quodper
1086 3513 1336 3572 electionetarnse
1347 3529 1438 3586 quam
1449 3513 1524 3569 alios
1537 3513 1567 3568 in
1578 3513 1745 3570 minoribus
1759 3505 1899 3567 ordinibus

210 3599 356 3658 annulum
372 3598 428 3656 sibi
444 3599 1033 3674 transmissumabipsoprobarevolebot
1086 3603 1263 3660 constitutos
1287 3601 1424 3675 cognorit
1444 3601 1571 3658 excludi.
1588 3601 1665 3659 Sane
1690 3615 1759 3658 cum
1782 3597 1897 3652 decanus

208 3690 316 3747 luisset
328 3689 467 3761 primitus
482 3687 648 3746 investitus.
664 3689 708 3745 Ad
724 3689 798 3759 haec,
813 3706 849 3747 ex
872 3695 955 3764 parte
970 3695 1031 3760 tua,
1085 3696 1325 3765 perscrutaturus
1351 3691 1487 3746 omnium
1520 3690 1700 3759 voluntates,
1728 3685 1825 3746 dilecti
1851 3676 1898 3736 ulii

210 3778 253 3835 iili
269 3777 438 3850 preposite,
450 3777 550 3834 taliter
562 3781 607 3834 est
616 3795 804 3851 responsum,
816 3779 896 3851 quod
910 3779 940 3835 id
953 3779 1033 3852 quod
1085 3778 1217 3836 walterii
1232 3782 1395 3852 augusten.
1409 3777 1546 3835 canonici
1566 3793 1657 3848 super
1678 3774 1820 3834 electione
1842 3769 1898 3839 ipsi

208 3868 246 3924 de
261 3868 293 3922 B.
308 3865 536 3934 lactumlnerat,
549 3872 708 3938 antequam
721 3867 1034 3942 predecessornoster
1086 3869 1263 3941 requisisset
1286 3883 1454 3935 assensum,
1470 3867 1533 3939 ipse
1550 3867 1628 3939 quod
1644 3867 1689 3924 eis
1714 3855 1898 3937 presentibus

210 3962 324 4037 prefati
340 3963 369 4016 E.
383 3962 560 4019 electionem
570 3967 665 4020 ratam
675 3965 799 4021 haberet
810 3965 916 4021 luisset
928 3965 1033 4022 obten·
1087 3957 1139 4029 qui
1154 3961 1240 4013 erant
1251 3955 1330 4012 infr&
1344 3971 1444 4012 ⁵80r0⁵
1459 3955 1580 4012 Ordines
1588 3953 1743 4012 0⁰¹18lii¹¹li
1759 3955 1898 4006 ⁵⁰³⁰¹¹²⁰¹¹

211 4059 294 4108 tum:
311 4049 390 4122 qnod
408 4050 497 4107 etiam
511 4051 568 4108 luit
578 4052 703 4109 testibus
716 4053 942 4126 comprobatum
957 4071 964 4120 ;
981 4053 1033 4110 sed
1088 4055 1268 4128 exprimeret
1280 4053 1477 4111 intentionem
1487 4050 1794 4126 respondit,cumipse
1804 4054 1899 4101 secun-

211 4142 268 4200 etsi
282 4141 463 4198 diotoelecto
474 4141 505 4198 in
516 4141 688 4214 episcopum
696 4143 870 4199 confirmato
886 4143 1034 4216 prredictm
1087 4144 1159 4200 dum
1175 4148 1286 4201 statuta
1309 4143 1453 4200 cononica
1467 4159 1522 4200 nec
1538 4142 1606 4216 eligi
1622 4144 1746 4216 possent
1760 4151 1813 4192 neo
1823 4130 1898 4224 Juxta

211 4229 429 4289 littereasede
440 4247 506 4303 apo.
524 4237 723 4300 emanassent,
738 4231 856 4287 nullum
873 4237 971 4289 tamen
983 4234 1034 4306 jus
1088 4234 1222 4293 ecclesius
1250 4233 1499 4291 consuetudinem
1523 4233 1554 4289 in
1569 4232 1715 4289 electione
1737 4237 1833 4283 rocem
1847 4216 1898 4317 ult·

212 4339 267 4397 per
281 4320 373 4376 hocei
383 4319 480 4377 luerat
494 4319 673 4392 acquisitum
686 4338 692 4389 ;
705 4337 772 4378 cum
783 4321 881 4378 necde
892 4323 1034 4395 preposi-
1088 4341 1178 4398 quam
1193 4325 1338 4381 obtinere.
1356 4323 1439 4380 Unde
1455 4339 1523 4380 cum
1538 4321 1702 4395 capitulum
1717 4311 1900 4375 conumunlltr

214 4417 280 4467 tura
294 4409 449 4466 investitus
466 4407 572 4465 luisset
585 4425 641 4466 nec
660 4409 779 4482 judices
791 4428 845 4484 pro
860 4429 894 4468 eo
909 4411 1036 4468 fuissent
1089 4415 1242 4471 statuisset
1257 4431 1307 4470 eos
1320 4412 1357 4470 ad
1372 4412 1549 4469 electionem
1564 4412 1737 4469 nullatenus
1754 4399 1900 4462 admitten-

214 4500 388 4557 mendatum
409 4499 604 4572 apostolicum
629 4501 769 4557 exsecuti.
793 4502 854 4558 Hoc
877 4507 976 4560 autern
1000 4519 1036 4559 ex
1089 4504 1153 4572 dos,
1170 4502 1266 4558 dictus
1282 4503 1313 4558 Β.
1330 4501 1427 4558 eidem
1443 4501 1568 4570 decano,
1583 4501 1681 4558 Utrico
1706 4491 1898 4554 archidiacono

215 4591 347 4662 ipsarum
373 4588 538 4645 litterarum
569 4594 671 4646 tenore
692 4589 842 4664 probasti:
867 4592 898 4649 in
927 4592 1035 4665 quibus
1049 4577 1077 4646 D
1093 4598 1123 4650 et
1134 4594 1254 4648 Erman.
1266 4592 1409 4648 canonico
1420 4591 1548 4648 convitia
1558 4585 1738 4657 inferens,ad
1749 4579 1843 4638 sedem
1856 4583 1898 4638 fii)-

215 4677 426 4734 continebatur
440 4693 577 4748 expresse
593 4678 673 4749 quod
684 4678 814 4735 decanus
832 4685 861 4734 et
873 4682 1036 4753 capitulum
1091 4682 1261 4756 appellavit,
1278 4681 1351 4753 ipsis
1361 4681 1440 4737 ntad
1459 4698 1513 4737 nos
1527 4681 1704 4737 accederent
1719 4658 1899 4748 perappella-

217 4770 378 4840 Augusten.
391 4767 488 4838 ipsum
499 4765 643 4840 eligerent
652 4773 875 4824 etassurnerent
885 4771 915 4825 in
926 4789 1039 4844 priapo-
1091 4773 1203 4826 tionem
1225 4771 1370 4826 indicens.
1387 4773 1424 4825 Et
1438 4770 1507 4826 licet
1520 4771 1583 4841 ipse
1594 4785 1661 4824 oum
1675 4756 1843 4838 quibusdam
1857 4759 1898 4800 θᾶ-

217 4857 307 4913 situm
316 4854 394 4912 inira
402 4871 535 4911 mensem
547 4859 576 4912 et
586 4856 665 4927 quod
672 4873 725 4929 pro
734 4857 905 4930 recipienda
916 4860 1038 4917 investi·
1091 4861 1208 4917 nunicis
1223 4859 1285 4916 suis
1301 4859 1337 4915 de
1354 4859 1483 4932 capitulo
1498 4859 1681 4924 recessisset,
1700 4853 1797 4908 decem
1812 4845 1897 4895 tamen

217 4951 284 5002 tura
296 4942 426 5000 annulus
440 4943 466 5000 ei
482 4943 664 5000 mittebatur.
680 4947 752 5002 Nam
769 4947 793 5002 si
808 4947 912 5004 luisset
924 4965 977 5020 per
992 4967 1038 5006 se·
1093 4949 1143 5006 alii
1155 4964 1279 5006 numero
1291 4948 1428 5020 plureset
1438 4948 1581 5022 dignitate
1591 4947 1797 5019 majorescere
1808 4929 1896 4984 decem

217 5035 285 5091 dem
293 5033 486 5106 apostolicam
497 5034 662 5102 investitus,
672 5034 770 5090 locum
779 5037 968 5107 postmodum
977 5039 1039 5096 ele·
1093 5042 1236 5094 etnovem
1251 5040 1376 5105 tantum,
1393 5035 1444 5106 qui
1450 5035 1502 5107 jus
1513 5035 1543 5091 in
1553 5035 1698 5092 electione
1709 5016 1856 5115 habebfltli»
1866 5003 1897 5062 id

217 5135 275 5190 ctio
291 5131 411 5204 capituli
423 5135 453 5187 et
462 5131 635 5188 investitura
647 5137 851 5189 exsecutorum
867 5134 1039 5192 nullatenus
1092 5127 1149 5182 ¹1⁰⁰
1159 5124 1379 5191 0⁰11V0¹15³⁵011l2
1389 5123 1577 5182 attendentes
1587 5121 1666 5195 quod
1677 5119 1740 5192 ojus
1750 5123 1806 5166 1¹⁰ss
1816 5105 1898 5199 {¹¹²⁶st

216 5221 401 5279 habuissent.
411 5220 552 5293 Adjecisti
563 5221 652 5278 etiam
663 5221 742 5292 quod
757 5238 824 5278 curn
840 5223 937 5280 dictus
951 5226 983 5280 ll.
1002 5225 1039 5282 sd
1093 5212 1318 5286 erfllflppellffl
1329 5211 1376 5267 ⁰1¹5
1387 5210 1652 5283 sslhlllurlssfueffll
1666 5209 1696 5262 1¹¹
1709 5193 1894 5304 PsffiP‘fS't'fm'

217 5311 318 5370 sedem
328 5311 517 5384 postmodum
528 5310 1039 5383 apostolicameccessisssetetdicto
1094 5319 1122 5371 te
1138 5312 1332 5370 undecimum
1347 5311 1427 5369 salva
1442 5310 1522 5368 sedis
1545 5327 1593 5383 ap.
1611 5307 1712 5385 gratia
1727 5313 1764 5357 ne
1777 5280 1897 5394 uidelicet

218 5400 427 5472 praedecessori
444 5405 546 5455 nostro
556 5399 786 5472 electionisjsuas
798 5399 920 5456 modum
931 5407 960 5457 et
970 5419 1041 5459 cau·
1094 5403 1125 5459 in
1139 5407 1344 5474 contemptum
1353 5401 1548 5473 apostolicum
1562 5397 1675 5471 aliquid
1685 5381 1895 5452 committeres·

219 5489 676 5562 semeontradictionisejusdem
688 5488 718 5543 B.
728 5489 960 5561 exposuissetad
974 5493 1038 5564 ple·
1094 5493 1247 5560 darentur,
1264 5491 1294 5546 in
1306 5490 1498 5563 praepositum
1510 5489 1672 5562 elegerunt.
1688 5484 1757 5538 Cum
1774 5467 1895 5541 igiturex

218 5593 302 5644 num,
314 5577 410 5633 dictus
424 5577 626 5650 predecessor
641 5583 752 5645 noster,
769 5594 828 5634 non
843 5578 978 5636 obstante
993 5583 1040 5637 in·
1094 5581 1244 5653 predictis
1265 5583 1415 5636 constaret
1432 5595 1500 5636 eum
1512 5595 1567 5636 neo
1578 5557 1837 5636 investitumluisse
1850 5555 1895 5636 ptr

216 5664 358 5720 vestitura
367 5664 463 5737 ipsiB.
474 5664 742 5734 lacta,electionem
752 5665 937 5722 confirmavit
947 5667 1040 5741 ipsius
1095 5669 1197 5727 sedem
1208 5673 1303 5741 apost.
1320 5667 1542 5740 necacapitulo
1553 5667 1598 5724 vel
1614 5635 1898 5740 judicibusdeltt'·aus
