3952 6062
74 288 126 342 483

593 281 846 344 connumeras
864 283 959 339 ANNO
979 282 1002 350 1,
1022 281 1160 340 CHRISTI
1181 280 1268 340 siaa·

1733 283 1785 338 486

74 429 194 485 spersa;
207 429 272 484 quae
284 427 314 468 se
323 411 470 484 patienter
478 411 592 485 aspergi
604 412 901 484 permittens,aquam
916 417 945 482 Α
961 411 992 466 Ρ.
1010 415 1039 466 ει
1055 411 1082 466 1..
1097 411 1335 483 primiceriorum
1350 411 1488 466 Ecclesia
1499 411 1786 484 Siporrtinmacoepi-

74 503 206 560 secundo
221 502 338 574 respuit
351 501 553 560 benedictam.
569 505 604 558 ut
618 507 651 558 ιιι
665 521 713 562 res
728 500 907 558 evidentiori

75 590 546 665 experimentopateret‚oblatam
555 607 615 646 non
623 597 828 650 consecratam
839 589 908 646 abs·

73 699 132 754 quo
148 682 248 754 aliqua
263 679 453 752 praescientia
463 679 518 738 sibi
530 680 677 752 recipiens
685 685 907 752 praesentatam.

71 771 284 828 eucharistiam
303 773 509 826 consecratam
521 769 737 841 subsequenter
752 768 909 836 abborruit

73 876 130 914 nec
144 859 257 930 recepit
268 874 276 923 ς
288 875 354 928 (puin
363 861 392 912 et
403 855 517 912 meritis
531 856 666 930 ejusdem
677 856 770 912 sancti
783 856 909 912 liberata

71 945 208 1002 recessit.
225 945 262 1001 Ut
271 950 371 1000 autem
380 945 473 1000 virtus
484 961 613 1012 morum,
622 949 761 1016 proutest
772 943 908 1016 superius

71 1034 347 1108 praelibatumdicet
356 1033 455 1091 omnis
463 1031 608 1090 dubitatio
617 1033 746 1090 amoveri
759 1049 794 1088 ex
805 1032 909 1088 sahse-

71 1126 194 1180 cutione
208 1124 361 1196 signorum
372 1138 426 1194 per
439 1121 573 1181 divinum
583 1122 733 1194 judicium
748 1121 907 1206 videretur¹

72 1214 133 1270 frde
149 1213 227 1286 apud
238 1229 292 1268 nos
304 1211 483 1268 claresceret
496 1211 637 1284 pleniori,
647 1227 684 1268 ne
695 1210 908 1268 miraculorum

72 1306 165 1361 etiam
175 1305 267 1360 virtus
278 1304 379 1374 aliqua
387 1302 491 1358 fraude
502 1306 603 1373 posset
613 1301 658 1357 vel
672 1301 813 1374 figmento
822 1300 908 1372 jura-

69 1394 109 1460 ri,
126 1393 280 1449 veritatem
294 1393 337 1448 rei
355 1390 512 1448 sollicitius
533 1389 673 1446 duximus
684 1389 905 1460 inquirendum.

6 1535 7 1538 ,
72 1483 178 1539 Fidem
191 1497 332 1554 namque,
349 1495 439 1552 quam
454 1495 543 1550 ειιρει
565 1479 791 1534 εοιινειεειιοιιε
813 1478 907 1550 ιρειιιε

71 1572 189 1643 absque
200 1571 340 1644 figmento
349 1567 907 1641 hypocrisisfraudulcntodivinumju·

71 1659 196 1728 dicium,
208 1663 241 1714 ut
255 1657 368 1714 dictum
383 1661 438 1724 est,
450 1654 606 1710 manifeste
622 1653 908 1710 ostenderevideba-

72 1755 135 1817 tur,
148 1765 202 1820 per
212 1745 416 1803 testimonium
427 1744 528 1800 dilecti
550 1744 603 1799 filii
615 1743 730 1800 Οειιειιι
740 1743 906 1816 preshyteri

73 1840 176 1896 Sancti
191 1837 295 1912 AEgidii
306 1835 513 1894 Cremonensis
521 1835 676 1906 praesentis
692 1833 906 1905 cumepiscopo

74 1933 254 1997 memorato,
272 1931 390 2000 recepto
406 1925 442 1982 ab
456 1942 490 1982 eo
513 1924 697 1982 firmavimus
713 1924 905 1998 juramento;

72 2019 132 2076 sub
149 2019 235 2092 cujus
251 2017 447 2074 obtestatione
457 2013 595 2071 videlicet
601 2013 766 2086 juramenti
777 2012 906 2084 ipse,qui

72 2107 213 2180 patrinus
219 2106 284 2178 ejus
295 2105 426 2162 existens
436 2121 489 2176 per
496 2121 534 2158 xx
547 2119 643 2158 annos
658 2101 825 2173 etamplius
836 2117 906 2156 con·

72 2199 239 2255 sessionem
250 2196 315 2269 ejus
326 2213 403 2268 saepe
415 2197 577 2266 receperat,
595 2211 659 2264 quae
672 2193 707 2248 de
719 2192 801 2248 illius
812 2191 905 2248 sancti

70 2288 298 2344 conversatione
324 2285 535 2357 praemisimus,
561 2283 708 2354 cumipse
725 2282 863 2354 episcopo
878 2285 908 2336 et

72 2376 146 2432 aliis
161 2374 456 2448 supradictisjuratis
471 2372 610 2428 similiter
625 2370 827 2428 asseruitesse
838 2387 907 2425 vera

73 2465 159 2521 etde
174 2463 344 2520 obediontia
359 2479 448 2534 quam
473 2462 503 2516 in
527 2460 723 2528 orationibus,
748 2459 854 2531 vigiliis
878 2463 908 2514 et

72 2554 146 2610 aliis
157 2553 339 2625 poeniteutiae
348 2551 504 2617 fructibus,
516 2567 581 2620 qum
598 2549 654 2604 sibi
668 2548 703 2604 ab
720 2564 754 2604 eo
769 2547 908 2619 imposita

72 2648 142 2699 erat
151 2643 219 2715 plus
231 2642 365 2712 injuncto
374 2638 559 2695 satisfaciens
570 2637 738 2704 exhibebat,
746 2653 800 2692 nos
808 2636 906 2692 reddi·

72 2733 124 2788 dit
138 2732 291 2786 certiores.
307 2731 348 2784 Ea
362 2727 451 2784 etiam
467 2743 532 2798 quta
548 2726 584 2782 de
600 2725 752 2782 mirasulis
761 2726 834 2798 ipsis
844 2725 909 2780 fue-

72 2825 148 2876 rant
163 2817 249 2874 nobis
261 2816 403 2888 exposita,
415 2816 678 2887 perjuramentum
691 2813 825 2868 omnium
836 2830 909 2886 prar-

72 2910 229 2964 dictorum
240 2905 290 2976 qui
302 2909 421 2976 propter
429 2905 485 2960 hoc
495 2907 647 2970 venerant,
656 2902 715 2958 fide
724 2902 909 2974 suscepimus

74 2995 210 3070 pleniori
223 2994 403 3062 ;assertione
412 2994 506 3065 ipsius
517 2992 647 3064 episcopi
657 2991 711 3048 sub
724 2992 809 3046 firmo
821 2991 907 3046 verbo

76 3084 246 3142 sacerdotis
262 3082 407 3154 requisita
426 3083 458 3138 in
472 3082 578 3137 virtute
591 3080 768 3138 obedientiae
784 3097 908 3136 concur-

963 515 1029 554 nrus
1044 499 1122 570 quod
1138 516 1206 556 cum
1216 517 1305 571 super
1319 501 1604 570 accusationequam
1619 505 1722 556 coritra
1732 500 1785 556 ab·

962 587 1061 644 hatem
1076 589 1175 644 Sancti
1203 588 1353 644 Benedicti
1375 589 1487 660 Sipont.
1503 588 1577 645 falso
1594 590 1624 644 ll.
1643 589 1785 656 Clericus,

961 678 1088 733 Joaunes
1104 678 1242 734 sacerdos
1258 683 1286 732 et
1296 678 1528 736 Bartholomaeus
1539 678 1681 732 diaconus
1691 678 1788 734 inten-

964 765 1083 834 debant,
1099 765 1136 821 ad
1153 783 1202 822 eos
1215 767 1389 822 mandatum
1402 767 1598 838 apostolicum
1610 773 1788 834 emanasset,

962 854 1567 912 licetiidemeumnominemonaclrorum
1584 855 1788 910 etoblntorum

964 943 1057 1014 ipsius
1069 945 1242 1000 monasterii
1253 944 1350 1000 Sancti
1362 945 1513 1000 Benedicti
1526 945 1724 1016 supermultis
1734 946 1791 999 cri-

963 1035 1105 1104 minibus,
1130 1034 1266 1090 videlicet
1288 1053 1378 1108 super
1392 1035 1616 1108 dilapidatione,
1632 1036 1789 1103 adulterio,

962 1123 1092 1196 perjurio
1109 1123 1276 1181 etfalsitate
1287 1125 1465 1196 impeterent
1479 1141 1486 1192 ;
1502 1125 1790 1198 proponentesquod

963 1213 1791 1284 superliisomnibusfuerotcoramteconvictusetcausa

962 1302 1128 1374 ipsausque
1138 1302 1363 1358 adsentantium
1373 1302 1562 1359 diffinitivam
1573 1303 1791 1376 deducta,ipsos

963 1395 1062 1446 tamen
1074 1391 1363 1449 clericosmendaces
1375 1391 1549 1448 etabbatem
1560 1393 1751 1450 innocentem
1761 1395 1791 1448 in

961 1479 1008 1538 his
1023 1479 1162 1535 omnibus
1178 1481 1364 1536 invenerunt.
1379 1482 1590 1538 Verumtamen
1605 1481 1685 1538 idem
1699 1482 1791 1538 abbas

960 1567 1017 1624 fuit
1032 1569 1061 1624 in
1078 1575 1128 1625 tua
1143 1570 1303 1641 prasentia
1317 1569 1438 1642 proprio
1451 1579 1508 1627 'ore
1533 1572 1687 1627 confessus
1712 1573 1791 1644 quod

962 1657 1105 1731 quasdam
1119 1658 1423 1730 litteras,quasasede
1433 1661 1596 1732 apostolica
1606 1661 1790 1734 impetrarat,

964 1745 994 1804 in
1009 1762 1099 1802 manu
1109 1752 1158 1802 tua
1169 1746 1348 1818 resignavit:
1364 1763 1438 1818 quos
1449 1764 1517 1804 cum
1531 1749 1622 1804 falsas
1638 1767 1701 1806 esse
1719 1766 1791 1805 con-

964 1840 1064 1903 staret,
1075 1841 1106 1890 tu
1122 1835 1220 1907 ipsum
1231 1834 1267 1890 ab
1279 1834 1376 1892 officio
1394 1836 1496 1893 tandiu
1505 1837 1659 1896 decrevisti
1670 1855 1791 1894 manere

962 1941 1151 1998 suspensum,
1168 1923 1263 1980 donec
1277 1929 1379 1982 nostro
1393 1943 1424 1982 se
1440 1927 1611 2000 conspectui
1622 1933 1790 2000 praesenta-

961 2018 1017 2082 ret,
1031 2013 1172 2070 mandato
1187 2019 1288 2070 nostro
1304 2031 1357 2088 per
1372 2016 1473 2071 omnia
1487 2016 1648 2088 pariturus.
1662 2017 1743 2074 Unde
1753 2017 1790 2072 vi·

962 2101 1570 2174 delicetdicticlericieumdemabbatem,
1585 2105 1794 2162 licetnecmo-

961 2192 1049 2248 nachi
1065 2192 1126 2247 sint
1141 2191 1277 2263 ejusdem
1290 2193 1464 2249 monasterii
1479 2211 1533 2250 nec
1542 2192 1645 2262 oblati,
1657 2211 1793 2268 sumpse—

962 2280 1198 2338 runtmateriam
1213 2281 1383 2337 accusandi.
1396 2281 1451 2337 Sed
1467 2283 1530 2354 ipse
1546 2283 1636 2340 abbas
1647 2283 1791 2340 illiusfal·

963 2370 1058 2425 sitatis
1072 2370 1227 2426 inmtxium
1241 2374 1270 2424 et
1283 2370 1496 2444 inculpabilem
1512 2387 1543 2428 se
1558 2372 1698 2442 ostendit,
1715 2389 1790 2428 con-

963 2463 1076 2514 stanter
1088 2459 1243 2513 affirmans
1258 2458 1337 2528 tluod
1353 2475 1507 2529 nunquam
1524 2459 1561 2515 ad
1577 2462 1791 2516 conscientiam

962 2547 1007 2601 vel
1018 2547 1153 2602 notitiam
1166 2548 1229 2616 ejus
1239 2547 1274 2601 de
1285 2546 1404 2602 illarum
1414 2548 1579 2604 litterarum
1588 2549 1716 2604 falsitate
1725 2567 1792 2622 per·

962 2639 1092 2702 venerat,
1109 2633 1161 2690 sed
1175 2651 1224 2690 eas
1240 2652 1293 2706 pro
1307 2636 1384 2691 veris
1397 2636 1551 2703 habuerat,
1568 2653 1663 2708 usque
1674 2637 1712 2692 ad
1722 2640 1794 2694 tem·

963 2741 1019 2798 pus
1035 2741 1093 2794 quo
1110 2724 1117 2777 i
1122 2740 1201 2796 psas,
1217 2729 1250 2778 ut
1264 2723 1376 2780 dictum
1391 2731 1446 2794 est,
1461 2726 1629 2800 resignavit.
1647 2727 1791 2792 Quocirca

962 2813 1141 2869 fraternitati
1157 2817 1214 2867 tum
1241 2829 1295 2884 per
1309 2814 1471 2886 apostolica
1486 2815 1596 2887 scripta
1613 2816 1791 2874 mandamus

963 2907 1110 2974 quatenus
1125 2901 1276 2958 abeodem
1287 2902 1393 2960 abbate
1404 2921 1471 2959 cum
1485 2904 1571 2960 tertia
1581 2921 1672 2962 manu
1683 2923 1794 2980 purga·

964 2991 1044 3048 tione
1055 2997 1173 3062 recepta
1184 2991 1262 3064 quod
1273 2991 1300 3048 ei
1312 2993 1347 3048 de
1356 2993 1485 3049 falsitate
1497 2994 1664 3052 litterarum
1673 2995 1794 3052 illarum

961 3097 1022 3138 non
1031 3080 1174 3150 constitit,
1188 3080 1287 3152 ipsum
1312 3082 1347 3137 ab
1360 3083 1533 3155 hujusmodi
1545 3084 1670 3141 infamia
1680 3085 1794 3142 denun-

74 3179 185 3231 rente:
201 3177 235 3230 nt
250 3172 292 3228 sic
302 3172 435 3228 divinum
445 3176 475 3228 et
484 3172 648 3228 humanum
659 3171 752 3226 secuti
760 3169 908 3244 Judicium
926 3175 953 3243 0
968 3171 1023 3228 ties
1033 3170 1203 3227 absolutum
1214 3175 1244 3226 et
1255 3169 1352 3226 eidem
1363 3171 1494 3230 officium
1506 3176 1681 3232 auctoritate
1693 3181 1795 3232 nostra

74 3282 149 3322 cum
171 3263 278 3336 majori
301 3261 460 3334 procedere
481 3261 639 3318 securitate
654 3275 819 3333 possemus.
836 3261 908 3315 Cum
963 3259 1120 3316 restituere
1134 3276 1195 3315 non
1206 3260 1325 3316 omittas
1339 3261 1650 3334 3prrodictosclericos
1660 3281 1714 3337 per
1724 3282 1794 3322 cen·

76 3355 171 3426 igitur
195 3353 258 3408 irasc
283 3351 386 3410 omnia
401 3357 462 3408 tam
477 3351 514 3406 de
529 3350 675 3423 probitate
688 3367 805 3406 moram
820 3365 910 3422 quam
964 3365 1064 3406 suram
1080 3347 1322 3420 ecclesiasticam,
1347 3350 1547 3422 appellatione
1575 3359 1708 3410 cessante
1729 3371 1794 3412 mo-

75 3445 187 3498 virtute
203 3443 367 3514 signorum,
382 3441 420 3496 ad
436 3440 565 3496 favorem
581 3439 744 3512 petitionis,
769 3456 823 3512 pro
852 3455 912 3512 qua

77 3532 431 3604 episcopusmemoralus
440 3533 470 3586 ct
483 3529 534 3584 alii
551 3527 712 3600 supradicti
724 3544 759 3583 ex
770 3532 852 3600 parto
863 3543 911 3582 ve-

76 3627 145 3678 stra
158 3621 348 3676 veliementer
361 3618 523 3685 instabant,
539 3633 717 3674 concurrere
731 3616 909 3683 videremus,

78 3707 120 3764 de
136 3707 261 3764 fratrom
274 3713 446 3766 nostrorum
462 3706 599 3774 consilio,
617 3711 686 3778 post
696 3705 822 3762 multam
837 3705 911 3764 deli·

78 3798 269 3854 berationem
283 3797 414 3854 habitam
429 3813 497 3854 cum
512 3795 625 3852 eisdem
638 3793 869 3867 archiepiscopis
885 3797 915 3850 ει

80 3886 242 3959 episcopis,
250 3903 325 3958 quos
336 3903 426 3959 super
437 3886 493 3944 hoc
501 3886 538 3942 ad
549 3884 708 3943 consilium
719 3889 854 3941 nostrum
865 3883 915 3940 ad·

79 3977 233 4045 misimus,
249 3976 285 4031 de
301 3976 401 4032 divina
413 3973 619 4032 misericordia
633 3979 663 4030 et
673 3973 806 4045 ejusdem
818 3977 914 4028 sancti

79 4065 199 4123 meritis
215 4064 412 4133 confidentes,
425 4064 523 4136 ipsum
532 4067 702 4120 sanctorum
717 4061 914 4134 catalogodu·

82 4156 186 4211 ximus
196 4153 407 4210 ascribendum
417 4171 424 4222 ;
436 4157 601 4212 statuentes
611 4157 644 4208 ut
653 4152 683 4210 iu
697 4151 743 4208 die
754 4151 914 4224 depositio·

965 3438 1078 3497 uitione
1093 3439 1258 3510 praemissa,
1275 3440 1459 3512 compellens
1474 3441 1558 3496 atah
1574 3442 1668 3514 ipsius
1679 3442 1794 3500 abhatis

966 3525 1002 3582 do
1018 3531 1124 3584 caetero
1136 3527 1345 3584 molestatione
1359 3529 1492 3586 indebita
1507 3531 1730 3604 conquiescant.

1002 3617 1109 3672 batum
1121 3617 1266 3686 Laterani,
1281 3635 1329 3673 xix
1343 3618 1406 3674 Kal.
1423 3619 1587 3676 Februarii.

1315 3734 1448 3792 Cllllllll.

1128 3837 1234 3877 occano
1253 3839 1285 3878 ar
1310 3839 1441 3880 menuae
1461 3841 1634 3883 inosaivan.

906 3972 911 3983 .
970 3927 1124 3983 l'ronstotr'o
1153 3931 1338 4002 episcoporum
1362 3932 1399 3986 od
1425 3932 1512 3988 solum
1538 3935 1688 3990 Romanum
1703 3927 1796 4006 ponti·

1233 4006 1309 4071 ficem
1318 4004 1385 4074 jure
1398 4007 1528 4074 pertinet.

1142 4106 1299 4178 (Laterani,
1315 4125 1352 4163 ιιι
1367 4109 1429 4165 llal.
1446 4111 1622 4185 Februarii.)

83 4245 134 4302 nis
143 4244 248 4316 ipsius,
264 4243 400 4316 ejusdem
411 4243 555 4301 festivitas
567 4241 668 4298 devote
683 4258 701 4297 a
715 4240 796 4301 vobis
806 4247 835 4296 et
848 4241 915 4296 aliis
1005 4213 1079 4288 (230)
1090 4215 1349 4318 ¹Intercorporalra
1361 4221 1390 4272 ει
1405 4218 1571 4290 spiritualia
1582 4237 1648 4276 eam
1664 4223 1798 4295 cognovi-

80 4332 196 4392 Christi
206 4331 439 4390 fidelihusannis
451 4331 576 4404 singulis
589 4331 624 4388 de
635 4329 917 4388 coeterocelebretur
970 4319 1037 4360 “¹¹¹⁵
1052 4309 1178 4360 ⁹¹¹⁵t⁰s⁰
1193 4304 1492 4379 d¹ffer⁶¹1t¹³mrq¹¹⁰d
1504 4309 1797 4382 0οΓΡοΓειΙίἃὴιοίΙὶιιὸ

82 4421 160 4478 Inde
183 4427 228 4478 est
251 4421 330 4495 quod
353 4422 716 4478 universitatemvemm
732 4435 869 4492 rogamus
885 4419 915 4474 in
970 4389 1166 4447 destruuntur
1189 4410 1278 4466 quam
1298 4399 1520 4466 construantur,
1548 4399 1714 4471 spiritualia
1729 4417 1797 4458 vero

84 4511 213 4568 Domino
229 4516 259 4566 et
272 4525 440 4579 monemus,
460 4527 514 4582 per
528 4509 692 4582 apostolica
707 4509 817 4580 scripta
839 4525 915 4580 prm,
971 4480 1089 4536 facilius
1100 4487 1313 4538 construuntur
1324 4485 1706 4556 quamdestruantur.Unde
1714 4489 1800 4564 juxta

85 4599 228 4672 cipiendo
244 4599 420 4656 mandantes
436 4603 583 4671 quatenus
598 4597 733 4670 ejusdem
748 4598 842 4654 sancti
854 4613 917 4652 me,
975 4569 1133 4625 canonicas
1145 4571 1718 4668 sanctionesepiscopussolusbonorem
1730 4580 1801 4672 dare

86 4689 228 4756 moriam,
243 4693 331 4760 prout
342 4688 455 4745 dictum
475 4693 529 4756 est,
550 4703 618 4744 cum
633 4686 805 4744 celeBrilate
820 4685 920 4742 debila
972 4663 1080 4732 μηδι
1098 4658 1178 4714 ⁵⁰lu⁵
1193 4665 1293 4759 auten?
1317 4662 1433 4762 3ᾳῖθῖῗο
1449 4680 1510 4718 ”⁰¹¹
1532 4671 1639 4738 Ροιθθῑ·
1664 4669 1800 4744 Epi⁵⁰⁰p¹

86 4782 276 4846 venerantes,
303 4777 368 4850 ejus
389 4776 468 4850 apud
495 4777 587 4832 Deum
606 4775 746 4848 suffragia
766 4775 920 4832 humiliter
973 4749 1435 4820 quoqueametropolrtanrssurs
1446 4769 1555 4810 munus
1567 4759 1801 4816 consecrationis

87 4868 277 4940 implorew
303 4884 356 4940 per
381 4867 467 4939 cujus
493 4866 599 4923 merim
619 4866 657 4922 ad
678 4865 786 4939 gaudia
809 4871 920 4922 aetema
973 4837 1131 4938 recipiunt,
1149 4838 1199 4909 qui
1212 4841 1312 4938 tamen
1327 4856 1388 4896 non
1403 4848 1528 4914 possunt
1539 4843 1597 4900 nisi
1611 4863 1664 4920 per
1675 4847 1801 4904 Romani

87 4958 261 5031 pertingere
276 4956 409 5013 valeatis.
973 4927 1123 5000 pontificis
1134 4931 1313 4983 sententiam
1325 4929 1527 4990 condemnari.
1538 4934 1610 4990 Cum
1620 4951 1687 5010 ergo
1696 4935 1802 4992 fortius

127 5047 234 5104 Datum
247 5045 393 5115 Laterani,
409 5045 510 5102 „Idus
521 5043 663 5102 panum„
975 5016 1014 5071 sit
1027 5014 1179 5087 spirituale
1195 5015 1344 5072 vinculum
1357 5034 1446 5090 quam
1457 5023 1588 5094 carnale,
1600 5023 1729 5080 dubitari
1742 5041 1802 5080 non

446 5149 569 5206 DXXXL
975 5103 1144 5176 dehetquin
1159 5105 1349 5177 omnipotens
1364 5107 1442 5164 Bous
1457 5111 1610 5181 spirituale
1632 5113 1802 5186 coniugium

322 5255 534 5296 incurerrscoro
554 5253 697 5296 strennuo

117 5341 227 5396 Habeas
243 5337 348 5394 litteras
362 5337 448 5406 salsos
461 5339 621 5408 tolleranter
635 5335 716 5392 oraio
730 5335 829 5405 dianus
844 5343 891 5394 est.

257 5433 416 5508 (Laterani,
437 5452 486 5491 xm
499 5434 563 5491 llal.
586 5432 760 5504 Febmarii.)

130 5545 173 5598 Bx
183 5541 290 5599 litteris
301 5541 477 5598 dilectorum
488 5541 618 5598 filiorum
628 5541 650 5597 l.
661 5539 920 5615 archipresbyteri,

132 5633 208 5706 (239)
223 5633 292 5706 Cap.
315 5633 390 5687 fater
410 5632 574 5702 corporatio,
603 5632 643 5685 Be
666 5628 802 5686 translat.
831 5633 920 5705 episc.

890 5249 893 5254 ⁴
975 5192 1054 5267 quod
1071 5198 1115 5248 est
1130 5194 1208 5250 inter
1227 5195 1399 5268 episcopum
1416 5203 1445 5252 et
1461 5199 1625 5256 Ecclesiam
1648 5201 1733 5272 (240),
1750 5217 1803 5256 ειιο

977 5287 1092 5340 tautum
1112 5283 1226 5356 judicio
1250 5286 1408 5341 reservavit
1426 5287 1658 5359 dissolvendum,
1679 5289 1729 5361 qui
1744 5290 1807 5346 dis-

977 5371 1156 5428 solutionem
1170 5371 1299 5428 carnalis
1321 5374 1463 5446 conjugii,
1490 5375 1569 5446 quod
1595 5383 1640 5433 est
1664 5377 1743 5433 iuter
1763 5378 1806 5432 vi-

977 5477 1044 5515 rum
1061 5465 1091 5516 et
1106 5459 1260 5529 feminam,
1281 5479 1334 5519 suo
1359 5467 1474 5518 tantum
1495 5463 1610 5535 judicio
1638 5468 1807 5536 reservavit,

978 5549 1154 5623 praecipiens
1165 5555 1198 5605 ut
1208 5551 1287 5622 quod
1303 5553 1380 5606 ιιειιε
1395 5551 1560 5624 conjunxit,
1578 5555 1666 5613 homo
1682 5573 1745 5615 non
1757 5575 1808 5615 se-

1013 5637 1088 5710 (240)
1104 5637 1375 5709 Videblarcam,lib
1387 5657 1424 5696 vn
1435 5641 1476 5696 Be
1486 5643 1770 5720 concord.,cap.26‚§
1780 5649 1806 5702 8.
