<?xml version="1.0" encoding="UTF-8"?>
<!DOCTYPE html PUBLIC "-//W3C//DTD XHTML 1.0 Transitional//EN"
    "http://www.w3.org/TR/xhtml1/DTD/xhtml1-transitional.dtd">
<html xmlns="http://www.w3.org/1999/xhtml" xml:lang="en" lang="en">
 <head>
  <title>
</title>
<meta http-equiv="Content-Type" content="text/html;charset=utf-8" />
  <meta name='ocr-system' content='tesseract 3.04.00' />
  <meta name='ocr-capabilities' content='ocr_page ocr_carea ocr_par ocr_line ocrx_word'/>
</head>
<body>
  <div class='ocr_page' id='page_1' title='image "./patrologiaecurs103unkngoog/patrologiaecurs103unkngoog_0682.png"; bbox 0 0 3938 7060; ppageno 0'>
   <div class='ocr_carea' id='block_1_1' title="bbox 171 173 1882 240">
    <p class='ocr_par' dir='ltr' id='par_1_1' title="bbox 171 173 1882 240">
     <span class='ocr_line' id='line_1_1' title="bbox 171 173 1882 240; baseline -0.001 -2"><span class='ocrx_word' id='word_1_1' title='bbox 171 184 239 240; x_wconf 82' lang='lat' dir='ltr'><strong>tttv</strong></span> <span class='ocrx_word' id='word_1_2' title='bbox 648 173 850 234; x_wconf 77' lang='lat' dir='ltr'><strong>tnnocmrss</strong></span> <span class='ocrx_word' id='word_1_3' title='bbox 869 174 907 229; x_wconf 90' lang='lat'><strong>111</strong></span> <span class='ocrx_word' id='word_1_4' title='bbox 926 174 981 229; x_wconf 87' lang='grc' dir='ltr'><strong>ΡΡ.</strong></span> <span class='ocrx_word' id='word_1_5' title='bbox 1001 173 1236 232; x_wconf 69' lang='lat' dir='ltr'><strong>suessionum</strong></span> <span class='ocrx_word' id='word_1_6' title='bbox 1255 174 1321 232; x_wconf 81' lang='lat' dir='ltr'><strong>tte.</strong></span> <span class='ocrx_word' id='word_1_7' title='bbox 1341 175 1374 230; x_wconf 89' lang='lat' dir='ltr'><strong>V.</strong></span> <span class='ocrx_word' id='word_1_8' title='bbox 1810 181 1882 236; x_wconf 77' lang='lat' dir='ltr'><strong>tim</strong></span> 
     </span>
    </p>
   </div>
   <div class='ocr_carea' id='block_1_2' title="bbox 69 292 1942 5384">
    <p class='ocr_par' dir='ltr' id='par_1_2' title="bbox 168 292 1942 472">
     <span class='ocr_line' id='line_1_2' title="bbox 168 292 1942 383; baseline -0.002 -19"><span class='ocrx_word' id='word_1_9' title='bbox 168 306 355 383; x_wconf 79' lang='lat' dir='ltr'><strong>legeJugiter</strong></span> <span class='ocrx_word' id='word_1_10' title='bbox 368 301 561 372; x_wconf 87' lang='lat' dir='ltr'><strong>meditentur,</strong></span> <span class='ocrx_word' id='word_1_11' title='bbox 585 298 756 374; x_wconf 83' lang='lat' dir='ltr'><strong>lippitudini</strong></span> <span class='ocrx_word' id='word_1_12' title='bbox 773 299 829 356; x_wconf 77' lang='lat' dir='ltr'><strong>Lim</strong></span> <span class='ocrx_word' id='word_1_13' title='bbox 857 299 993 357; x_wconf 83' lang='lat' dir='ltr'><strong>Rachelis</strong></span> <span class='ocrx_word' id='word_1_14' title='bbox 1008 312 1037 378; x_wconf 73' lang='grc' dir='ltr'><strong>Α</strong></span> <span class='ocrx_word' id='word_1_15' title='bbox 1052 299 1084 356; x_wconf 95' lang='lat' dir='ltr'><strong>lii</strong></span> <span class='ocrx_word' id='word_1_16' title='bbox 1096 299 1282 373; x_wconf 87' lang='lat' dir='ltr'><strong>comprobari</strong></span> <span class='ocrx_word' id='word_1_17' title='bbox 1295 292 1424 357; x_wconf 75' lang='lat' dir='ltr'><strong>loannes</strong></span> <span class='ocrx_word' id='word_1_18' title='bbox 1440 299 1531 367; x_wconf 88' lang='lat' dir='ltr'><strong>onim,</strong></span> <span class='ocrx_word' id='word_1_19' title='bbox 1542 301 1765 360; x_wconf 88' lang='lat' dir='ltr'><strong>suscitationem</strong></span> <span class='ocrx_word' id='word_1_20' title='bbox 1777 305 1880 370; x_wconf 74' lang='lat' dir='ltr'><strong>Lazari</strong></span> <span class='ocrx_word' id='word_1_21' title='bbox 1941 321 1942 378; x_wconf 51' lang='lat' dir='ltr'>g</span> 
     </span>
     <span class='ocr_line' id='line_1_3' title="bbox 169 389 1878 472; baseline -0.001 -19"><span class='ocrx_word' id='word_1_22' title='bbox 169 394 422 472; x_wconf 87' lang='lat' dir='ltr'><strong>pulchritudinem</strong></span> <span class='ocrx_word' id='word_1_23' title='bbox 437 391 639 465; x_wconf 79' lang='lat' dir='ltr'><strong>praeferentes,</strong></span> <span class='ocrx_word' id='word_1_24' title='bbox 651 407 715 447; x_wconf 92' lang='lat' dir='ltr'><strong>eam</strong></span> <span class='ocrx_word' id='word_1_25' title='bbox 724 391 755 447; x_wconf 92' lang='lat' dir='ltr'><strong>in</strong></span> <span class='ocrx_word' id='word_1_26' title='bbox 771 393 799 446; x_wconf 91' lang='lat' dir='ltr'><strong>te</strong></span> <span class='ocrx_word' id='word_1_27' title='bbox 814 390 910 463; x_wconf 89' lang='lat' dir='ltr'><strong>vigere</strong></span> <span class='ocrx_word' id='word_1_28' title='bbox 926 405 992 445; x_wconf 91' lang='lat' dir='ltr'><strong>cre·</strong></span> <span class='ocrx_word' id='word_1_29' title='bbox 1047 389 1364 463; x_wconf 83' lang='lat' dir='ltr'><strong>descripturus,lesum</strong></span> <span class='ocrx_word' id='word_1_30' title='bbox 1379 390 1610 448; x_wconf 88' lang='lat' dir='ltr'><strong>sursumoeulos</strong></span> <span class='ocrx_word' id='word_1_31' title='bbox 1622 392 1752 450; x_wconf 79' lang='lat' dir='ltr'>elevasse</span> <span class='ocrx_word' id='word_1_32' title='bbox 1768 399 1878 454; x_wconf 89' lang='lat' dir='ltr'><strong>asserit</strong></span> 
     </span>
    </p>

    <p class='ocr_par' dir='ltr' id='par_1_3' title="bbox 78 473 1942 824">
     <span class='ocr_line' id='line_1_4' title="bbox 78 473 1879 556; baseline -0.001 -13"><span class='ocrx_word' id='word_1_33' title='bbox 78 473 99 530; x_wconf 52' lang='grc' dir='ltr'>ἶ</span> <span class='ocrx_word' id='word_1_34' title='bbox 169 481 798 556; x_wconf 78' lang='lat' dir='ltr'><strong>dimusintelligentiamscripturarum,ut</strong></span> <span class='ocrx_word' id='word_1_35' title='bbox 821 477 993 535; x_wconf 91' lang='lat' dir='ltr'><strong>nonsolum</strong></span> <span class='ocrx_word' id='word_1_36' title='bbox 1047 477 1331 551; x_wconf 84' lang='lat' dir='ltr'><strong>etdirisse:Petev‚</strong></span> <span class='ocrx_word' id='word_1_37' title='bbox 1348 481 1521 552; x_wconf 75' lang='lat' dir='ltr'><strong>gratissemo</strong></span> <span class='ocrx_word' id='word_1_38' title='bbox 1539 481 1600 549; x_wconf 88' lang='lat' dir='ltr'><strong>tibi,</strong></span> <span class='ocrx_word' id='word_1_39' title='bbox 1617 485 1749 552; x_wconf 82' lang='lat' dir='ltr'><strong>qnoniam</strong></span> <span class='ocrx_word' id='word_1_40' title='bbox 1774 487 1879 541; x_wconf 67' lang='lat' dir='ltr'><strong>uudbti</strong></span> 
     </span>
     <span class='ocr_line' id='line_1_5' title="bbox 168 566 1879 650; baseline 0 -18"><span class='ocrx_word' id='word_1_41' title='bbox 168 575 299 650; x_wconf 87' lang='lat' dir='ltr'><strong>parvulis</strong></span> <span class='ocrx_word' id='word_1_42' title='bbox 326 573 464 645; x_wconf 78' lang='lat' dir='ltr'><strong>frangere</strong></span> <span class='ocrx_word' id='word_1_43' title='bbox 490 571 586 646; x_wconf 91' lang='lat' dir='ltr'><strong>possis</strong></span> <span class='ocrx_word' id='word_1_44' title='bbox 613 587 742 644; x_wconf 88' lang='lat' dir='ltr'><strong>panem,</strong></span> <span class='ocrx_word' id='word_1_45' title='bbox 772 568 825 624; x_wconf 90' lang='lat' dir='ltr'><strong>sed</strong></span> <span class='ocrx_word' id='word_1_46' title='bbox 848 567 993 642; x_wconf 77' lang='lat' dir='ltr'><strong>provectis</strong></span> <span class='ocrx_word' id='word_1_47' title='bbox 1048 583 1089 623; x_wconf 88' lang='lat' dir='ltr'><strong>me</strong></span> <span class='ocrx_word' id='word_1_48' title='bbox 1102 566 1184 640; x_wconf 79' lang='lat' dir='ltr'><strong>(iiii)</strong></span> <span class='ocrx_word' id='word_1_49' title='bbox 1199 567 1485 640; x_wconf 82' lang='lat' dir='ltr'><strong>(loen,xv.il);alibi</strong></span> <span class='ocrx_word' id='word_1_50' title='bbox 1502 570 1591 626; x_wconf 90' lang='lat' dir='ltr'><strong>etiam</strong></span> <span class='ocrx_word' id='word_1_51' title='bbox 1608 570 1687 627; x_wconf 90' lang='lat' dir='ltr'><strong>idem</strong></span> <span class='ocrx_word' id='word_1_52' title='bbox 1700 571 1774 628; x_wconf 91' lang='lat' dir='ltr'><strong>dicit</strong></span> <span class='ocrx_word' id='word_1_53' title='bbox 1791 577 1879 632; x_wconf 73' lang='lat' dir='ltr'><strong>:Hae</strong></span> 
     </span>
     <span class='ocr_line' id='line_1_6' title="bbox 168 654 1942 734; baseline -0.002 -12"><span class='ocrx_word' id='word_1_54' title='bbox 168 667 257 723; x_wconf 88' lang='lat' dir='ltr'><strong>etiam</strong></span> <span class='ocrx_word' id='word_1_55' title='bbox 273 663 372 719; x_wconf 90' lang='lat' dir='ltr'><strong>cibum</strong></span> <span class='ocrx_word' id='word_1_56' title='bbox 388 661 517 718; x_wconf 89' lang='lat' dir='ltr'><strong>solidum</strong></span> <span class='ocrx_word' id='word_1_57' title='bbox 532 659 704 716; x_wconf 89' lang='lat' dir='ltr'><strong>ministrare</strong></span> <span class='ocrx_word' id='word_1_58' title='bbox 721 675 756 716; x_wconf 86' lang='lat' dir='ltr'><strong>ac</strong></span> <span class='ocrx_word' id='word_1_59' title='bbox 770 658 864 714; x_wconf 92' lang='lat' dir='ltr'><strong>nodos</strong></span> <span class='ocrx_word' id='word_1_60' title='bbox 880 657 994 714; x_wconf 86' lang='lat' dir='ltr'><strong>solvere</strong></span> <span class='ocrx_word' id='word_1_61' title='bbox 1049 654 1763 730; x_wconf 74' lang='lat' dir='ltr'><strong>lectitesestlesusetsebleoetisoculisedentem,</strong></span> <span class='ocrx_word' id='word_1_62' title='bbox 1787 661 1879 720; x_wconf 80' lang='lat' dir='ltr'><strong>dixit:</strong></span> <span class='ocrx_word' id='word_1_63' title='bbox 1941 671 1942 734; x_wconf 75' lang='lat' dir='ltr'>s</span> 
     </span>
     <span class='ocr_line' id='line_1_7' title="bbox 169 744 1942 824; baseline -0.002 -13"><span class='ocrx_word' id='word_1_64' title='bbox 169 753 337 812; x_wconf 83' lang='lat' dir='ltr'><strong>difficilium</strong></span> <span class='ocrx_word' id='word_1_65' title='bbox 357 751 566 824; x_wconf 72' lang='lat' dir='ltr'><strong>questionum.</strong></span> <span class='ocrx_word' id='word_1_66' title='bbox 595 749 713 815; x_wconf 89' lang='lat' dir='ltr'><strong>Verum,</strong></span> <span class='ocrx_word' id='word_1_67' title='bbox 731 744 995 820; x_wconf 87' lang='lat' dir='ltr'><strong>quoniaminpri-</strong></span> <span class='ocrx_word' id='word_1_68' title='bbox 1048 745 1395 816; x_wconf 76' lang='lat' dir='ltr'><strong>Pater,ctertncemttem</strong></span> <span class='ocrx_word' id='word_1_69' title='bbox 1423 747 1601 820; x_wconf 74' lang='lat' dir='ltr'><strong>teumlioan.</strong></span> <span class='ocrx_word' id='word_1_70' title='bbox 1622 749 1878 821; x_wconf 86' lang='lat' dir='ltr'><strong>xv11,i).Situno</strong></span> <span class='ocrx_word' id='word_1_71' title='bbox 1941 761 1942 774; x_wconf 64' lang='lat'>¹</span> 
     </span>
    </p>

    <p class='ocr_par' dir='ltr' id='par_1_4' title="bbox 69 833 1942 5384">
     <span class='ocr_line' id='line_1_8' title="bbox 69 833 1876 916; baseline -0.004 -13"><span class='ocrx_word' id='word_1_72' title='bbox 69 887 73 904; x_wconf 73' lang='grc'>.</span> <span class='ocrx_word' id='word_1_73' title='bbox 168 848 251 901; x_wconf 90' lang='lat' dir='ltr'><strong>matu</strong></span> <span class='ocrx_word' id='word_1_74' title='bbox 266 840 470 916; x_wconf 86' lang='lat' dir='ltr'><strong>apostolorum</strong></span> <span class='ocrx_word' id='word_1_75' title='bbox 490 837 634 912; x_wconf 91' lang='lat' dir='ltr'><strong>principis</strong></span> <span class='ocrx_word' id='word_1_76' title='bbox 652 837 821 910; x_wconf 85' lang='lat' dir='ltr'><strong>apostolicae</strong></span> <span class='ocrx_word' id='word_1_77' title='bbox 837 834 916 892; x_wconf 87' lang='lat' dir='ltr'><strong>sedis</strong></span> <span class='ocrx_word' id='word_1_78' title='bbox 931 850 995 890; x_wconf 89' lang='lat' dir='ltr'><strong>ma·</strong></span> <span class='ocrx_word' id='word_1_79' title='bbox 1049 833 1139 908; x_wconf 88' lang='lat' dir='ltr'><strong>igitur</strong></span> <span class='ocrx_word' id='word_1_80' title='bbox 1154 833 1258 892; x_wconf 90' lang='lat' dir='ltr'><strong>oeulos</strong></span> <span class='ocrx_word' id='word_1_81' title='bbox 1273 833 1303 892; x_wconf 91' lang='lat' dir='ltr'><strong>in</strong></span> <span class='ocrx_word' id='word_1_82' title='bbox 1314 835 1422 892; x_wconf 86' lang='lat' dir='ltr'><strong>coeium</strong></span> <span class='ocrx_word' id='word_1_83' title='bbox 1437 835 1545 896; x_wconf 89' lang='lat' dir='ltr'><strong>levavit</strong></span> <span class='ocrx_word' id='word_1_84' title='bbox 1559 837 1596 892; x_wconf 90' lang='lat' dir='ltr'><strong>ud</strong></span> <span class='ocrx_word' id='word_1_85' title='bbox 1611 839 1741 908; x_wconf 86' lang='lat' dir='ltr'><strong>Patrem,</strong></span> <span class='ocrx_word' id='word_1_86' title='bbox 1755 855 1825 896; x_wconf 89' lang='lat' dir='ltr'><strong>cnm</strong></span> <span class='ocrx_word' id='word_1_87' title='bbox 1840 839 1876 896; x_wconf 91' lang='lat' dir='ltr'><strong>ad</strong></span> 
     </span>
     <span class='ocr_line' id='line_1_9' title="bbox 169 924 1876 1008; baseline -0.002 -20"><span class='ocrx_word' id='word_1_88' title='bbox 169 931 323 1008; x_wconf 88' lang='lat' dir='ltr'><strong>gislerium</strong></span> <span class='ocrx_word' id='word_1_89' title='bbox 352 945 581 1004; x_wconf 87' lang='lat' dir='ltr'><strong>recognoscens,</strong></span> <span class='ocrx_word' id='word_1_90' title='bbox 596 927 632 984; x_wconf 87' lang='lat' dir='ltr'><strong>ad</strong></span> <span class='ocrx_word' id='word_1_91' title='bbox 657 943 722 984; x_wconf 87' lang='lat' dir='ltr'><strong>eam</strong></span> <span class='ocrx_word' id='word_1_92' title='bbox 748 924 843 982; x_wconf 91' lang='lat' dir='ltr'><strong>credis</strong></span> <span class='ocrx_word' id='word_1_93' title='bbox 864 925 995 998; x_wconf 88' lang='lat' dir='ltr'><strong>majores</strong></span> <span class='ocrx_word' id='word_1_94' title='bbox 1049 939 1157 995; x_wconf 87' lang='lat' dir='ltr'><strong>corpus</strong></span> <span class='ocrx_word' id='word_1_95' title='bbox 1171 924 1451 982; x_wconf 85' lang='lat' dir='ltr'><strong>examineanimam</strong></span> <span class='ocrx_word' id='word_1_96' title='bbox 1467 925 1564 984; x_wconf 83' lang='lat' dir='ltr'><strong>Lazari</strong></span> <span class='ocrx_word' id='word_1_97' title='bbox 1580 927 1746 996; x_wconf 87' lang='lat' dir='ltr'><strong>revocabat,</strong></span> <span class='ocrx_word' id='word_1_98' title='bbox 1767 929 1876 1001; x_wconf 88' lang='lat' dir='ltr'><strong>proba-</strong></span> 
     </span>
     <span class='ocr_line' id='line_1_10' title="bbox 170 1011 1876 1087; baseline -0.004 -8"><span class='ocrx_word' id='word_1_99' title='bbox 170 1039 275 1079; x_wconf 88' lang='lat' dir='ltr'><strong>causas</strong></span> <span class='ocrx_word' id='word_1_100' title='bbox 290 1020 429 1077; x_wconf 83' lang='lat' dir='ltr'><strong>Ecclesiae</strong></span> <span class='ocrx_word' id='word_1_101' title='bbox 443 1017 624 1086; x_wconf 82' lang='lat' dir='ltr'><strong>referendas,</strong></span> <span class='ocrx_word' id='word_1_102' title='bbox 641 1014 909 1072; x_wconf 89' lang='lat' dir='ltr'><strong>consultationibus</strong></span> <span class='ocrx_word' id='word_1_103' title='bbox 924 1013 994 1082; x_wconf 91' lang='lat' dir='ltr'><strong>tuis,</strong></span> <span class='ocrx_word' id='word_1_104' title='bbox 1050 1011 1141 1069; x_wconf 88' lang='lat' dir='ltr'><strong>bilius</strong></span> <span class='ocrx_word' id='word_1_105' title='bbox 1156 1029 1222 1069; x_wconf 88' lang='lat' dir='ltr'><strong>esso</strong></span> <span class='ocrx_word' id='word_1_106' title='bbox 1252 1013 1376 1083; x_wconf 89' lang='lat' dir='ltr'><strong>videtur,</strong></span> <span class='ocrx_word' id='word_1_107' title='bbox 1394 1013 1474 1087; x_wconf 90' lang='lat' dir='ltr'><strong>quod</strong></span> <span class='ocrx_word' id='word_1_108' title='bbox 1488 1019 1557 1072; x_wconf 90' lang='lat' dir='ltr'><strong>tunc</strong></span> <span class='ocrx_word' id='word_1_109' title='bbox 1570 1015 1672 1073; x_wconf 88' lang='lat' dir='ltr'><strong>oculos</strong></span> <span class='ocrx_word' id='word_1_110' title='bbox 1687 1015 1828 1073; x_wconf 74' lang='lat' dir='ltr'><strong>levaverit</strong></span> <span class='ocrx_word' id='word_1_111' title='bbox 1840 1019 1876 1074; x_wconf 87' lang='lat' dir='ltr'><strong>ad</strong></span> 
     </span>
     <span class='ocr_line' id='line_1_11' title="bbox 170 1101 1942 1186; baseline -0.002 -19"><span class='ocrx_word' id='word_1_112' title='bbox 170 1129 244 1186; x_wconf 89' lang='lat' dir='ltr'><strong>quas</strong></span> <span class='ocrx_word' id='word_1_113' title='bbox 272 1126 333 1166; x_wconf 92' lang='lat' dir='ltr'><strong>non</strong></span> <span class='ocrx_word' id='word_1_114' title='bbox 357 1107 394 1165; x_wconf 94' lang='lat' dir='ltr'><strong>ob</strong></span> <span class='ocrx_word' id='word_1_115' title='bbox 418 1106 607 1164; x_wconf 91' lang='lat' dir='ltr'><strong>commodum</strong></span> <span class='ocrx_word' id='word_1_116' title='bbox 620 1104 758 1161; x_wconf 74' lang='lat' dir='ltr'><strong>utilitatis</strong></span> <span class='ocrx_word' id='word_1_117' title='bbox 774 1109 910 1171; x_wconf 74' lang='lat' dir='ltr'><strong>terrenae,</strong></span> <span class='ocrx_word' id='word_1_118' title='bbox 925 1117 995 1159; x_wconf 89' lang='lat' dir='ltr'><strong>eum</strong></span> <span class='ocrx_word' id='word_1_119' title='bbox 1049 1103 1167 1158; x_wconf 85' lang='lat' dir='ltr'><strong>Patrem</strong></span> <span class='ocrx_word' id='word_1_120' title='bbox 1183 1103 1213 1158; x_wconf 92' lang='lat' dir='ltr'><strong>in</strong></span> <span class='ocrx_word' id='word_1_121' title='bbox 1229 1103 1346 1173; x_wconf 89' lang='lat' dir='ltr'><strong>coelum,</strong></span> <span class='ocrx_word' id='word_1_122' title='bbox 1363 1118 1431 1160; x_wconf 89' lang='lat' dir='ltr'><strong>cum</strong></span> <span class='ocrx_word' id='word_1_123' title='bbox 1447 1121 1554 1176; x_wconf 85' lang='lat' dir='ltr'><strong>panem</strong></span> <span class='ocrx_word' id='word_1_124' title='bbox 1565 1111 1594 1162; x_wconf 88' lang='lat' dir='ltr'><strong>et</strong></span> <span class='ocrx_word' id='word_1_125' title='bbox 1608 1106 1708 1162; x_wconf 89' lang='lat' dir='ltr'><strong>vinum</strong></span> <span class='ocrx_word' id='word_1_126' title='bbox 1725 1105 1756 1162; x_wconf 91' lang='lat' dir='ltr'><strong>in</strong></span> <span class='ocrx_word' id='word_1_127' title='bbox 1773 1124 1877 1180; x_wconf 89' lang='lat' dir='ltr'><strong>corpus</strong></span> <span class='ocrx_word' id='word_1_128' title='bbox 1941 1101 1942 1106; x_wconf 54' lang='lat'>&#39;</span> 
     </span>
     <span class='ocr_line' id='line_1_12' title="bbox 170 1192 1877 1270; baseline -0.005 -10"><span class='ocrx_word' id='word_1_129' title='bbox 170 1220 230 1260; x_wconf 89' lang='lat' dir='ltr'><strong>non</strong></span> <span class='ocrx_word' id='word_1_130' title='bbox 242 1201 358 1258; x_wconf 89' lang='lat' dir='ltr'><strong>civilem</strong></span> <span class='ocrx_word' id='word_1_131' title='bbox 374 1197 546 1255; x_wconf 90' lang='lat' dir='ltr'><strong>contineant</strong></span> <span class='ocrx_word' id='word_1_132' title='bbox 556 1195 816 1270; x_wconf 77' lang='lat' dir='ltr'><strong>quaestionem,sod</strong></span> <span class='ocrx_word' id='word_1_133' title='bbox 828 1193 996 1250; x_wconf 87' lang='lat' dir='ltr'><strong>animarum</strong></span> <span class='ocrx_word' id='word_1_134' title='bbox 1051 1196 1082 1247; x_wconf 90' lang='lat' dir='ltr'><strong>et</strong></span> <span class='ocrx_word' id='word_1_135' title='bbox 1110 1192 1285 1264; x_wconf 90' lang='lat' dir='ltr'><strong>sanguinem</strong></span> <span class='ocrx_word' id='word_1_136' title='bbox 1312 1194 1467 1266; x_wconf 90' lang='lat' dir='ltr'><strong>proprium</strong></span> <span class='ocrx_word' id='word_1_137' title='bbox 1497 1196 1697 1252; x_wconf 86' lang='lat' dir='ltr'><strong>commutavit.</strong></span> <span class='ocrx_word' id='word_1_138' title='bbox 1720 1197 1877 1266; x_wconf 76' lang='lat' dir='ltr'><strong>Craterum,</strong></span> 
     </span>
     <span class='ocr_line' id='line_1_13' title="bbox 174 1281 1877 1366; baseline -0.003 -19"><span class='ocrx_word' id='word_1_139' title='bbox 174 1292 350 1366; x_wconf 85' lang='lat' dir='ltr'><strong>proiectum,</strong></span> <span class='ocrx_word' id='word_1_140' title='bbox 366 1287 546 1344; x_wconf 89' lang='lat' dir='ltr'><strong>utvidelicet</strong></span> <span class='ocrx_word' id='word_1_141' title='bbox 560 1287 591 1342; x_wconf 89' lang='lat' dir='ltr'><strong>in</strong></span> <span class='ocrx_word' id='word_1_142' title='bbox 606 1285 703 1341; x_wconf 89' lang='lat' dir='ltr'><strong>lucem</strong></span> <span class='ocrx_word' id='word_1_143' title='bbox 719 1283 865 1357; x_wconf 90' lang='lat' dir='ltr'><strong>prodeant</strong></span> <span class='ocrx_word' id='word_1_144' title='bbox 873 1282 999 1339; x_wconf 89' lang='lat' dir='ltr'><strong>obseura</strong></span> <span class='ocrx_word' id='word_1_145' title='bbox 1052 1281 1129 1337; x_wconf 90' lang='lat' dir='ltr'><strong>sicut</strong></span> <span class='ocrx_word' id='word_1_146' title='bbox 1144 1281 1280 1354; x_wconf 87' lang='lat' dir='ltr'><strong>superius</strong></span> <span class='ocrx_word' id='word_1_147' title='bbox 1296 1289 1341 1339; x_wconf 89' lang='lat' dir='ltr'><strong>est</strong></span> <span class='ocrx_word' id='word_1_148' title='bbox 1356 1295 1540 1357; x_wconf 85' lang='lat' dir='ltr'><strong>expressum,</strong></span> <span class='ocrx_word' id='word_1_149' title='bbox 1551 1302 1620 1341; x_wconf 88' lang='lat' dir='ltr'><strong>eum</strong></span> <span class='ocrx_word' id='word_1_150' title='bbox 1635 1285 1666 1341; x_wconf 89' lang='lat' dir='ltr'><strong>in</strong></span> <span class='ocrx_word' id='word_1_151' title='bbox 1682 1290 1763 1344; x_wconf 84' lang='lat' dir='ltr'><strong>textu</strong></span> <span class='ocrx_word' id='word_1_152' title='bbox 1789 1303 1877 1342; x_wconf 86' lang='lat' dir='ltr'><strong>avan·</strong></span> 
     </span>
     <span class='ocr_line' id='line_1_14' title="bbox 175 1371 1876 1458; baseline -0.005 -18"><span class='ocrx_word' id='word_1_153' title='bbox 175 1380 515 1458; x_wconf 87' lang='lat' dir='ltr'><strong>Scripturae,n0vimnste</strong></span> <span class='ocrx_word' id='word_1_154' title='bbox 531 1375 804 1449; x_wconf 89' lang='lat' dir='ltr'><strong>movisse,libenter</strong></span> <span class='ocrx_word' id='word_1_155' title='bbox 818 1373 898 1448; x_wconf 81' lang='lat' dir='ltr'><strong>qvvod</strong></span> <span class='ocrx_word' id='word_1_156' title='bbox 912 1372 998 1429; x_wconf 91' lang='lat' dir='ltr'><strong>nobis</strong></span> <span class='ocrx_word' id='word_1_157' title='bbox 1052 1371 1156 1446; x_wconf 78' lang='lat' dir='ltr'><strong>gelice</strong></span> <span class='ocrx_word' id='word_1_158' title='bbox 1174 1373 1241 1428; x_wconf 85' lang='lat' dir='ltr'><strong>Novi</strong></span> <span class='ocrx_word' id='word_1_159' title='bbox 1258 1373 1421 1428; x_wconf 75' lang='lat' dir='ltr'><strong>Testamenti</strong></span> <span class='ocrx_word' id='word_1_160' title='bbox 1439 1379 1576 1446; x_wconf 89' lang='lat' dir='ltr'><strong>ponatur,</strong></span> <span class='ocrx_word' id='word_1_161' title='bbox 1594 1373 1642 1430; x_wconf 89' lang='lat' dir='ltr'><strong>hic</strong></span> <span class='ocrx_word' id='word_1_162' title='bbox 1656 1374 1876 1448; x_wconf 84' lang='lat' dir='ltr'><strong>interponitur:</strong></span> 
     </span>
     <span class='ocr_line' id='line_1_15' title="bbox 175 1461 1880 1545; baseline -0.005 -17"><span class='ocrx_word' id='word_1_163' title='bbox 175 1473 305 1545; x_wconf 84' lang='lat' dir='ltr'><strong>inspirat</strong></span> <span class='ocrx_word' id='word_1_164' title='bbox 329 1471 472 1526; x_wconf 87' lang='lat' dir='ltr'><strong>Dominus</strong></span> <span class='ocrx_word' id='word_1_165' title='bbox 494 1467 720 1540; x_wconf 86' lang='lat' dir='ltr'><strong>respondemus.</strong></span> <span class='ocrx_word' id='word_1_166' title='bbox 736 1464 883 1538; x_wconf 78' lang='lat' dir='ltr'><strong>[Quasisti</strong></span> <span class='ocrx_word' id='word_1_167' title='bbox 905 1462 1000 1536; x_wconf 85' lang='lat' dir='ltr'><strong>siqni—</strong></span> <span class='ocrx_word' id='word_1_168' title='bbox 1051 1466 1078 1516; x_wconf 86' lang='lat' dir='ltr'><strong>et</strong></span> <span class='ocrx_word' id='word_1_169' title='bbox 1091 1461 1199 1518; x_wconf 73' lang='lat' dir='ltr'><strong>aeterni.</strong></span> <span class='ocrx_word' id='word_1_170' title='bbox 1216 1461 1288 1518; x_wconf 80' lang='lat' dir='ltr'><strong>llam</strong></span> <span class='ocrx_word' id='word_1_171' title='bbox 1299 1462 1713 1536; x_wconf 86' lang='lat' dir='ltr'><strong>VetusTestamentum,quod</strong></span> <span class='ocrx_word' id='word_1_172' title='bbox 1728 1464 1880 1521; x_wconf 86' lang='lat' dir='ltr'><strong>hircorum</strong></span> 
     </span>
     <span class='ocr_line' id='line_1_16' title="bbox 175 1549 1882 1634; baseline -0.005 -16"><span class='ocrx_word' id='word_1_173' title='bbox 175 1563 254 1630; x_wconf 92' lang='lat' dir='ltr'><strong>dem,</strong></span> <span class='ocrx_word' id='word_1_174' title='bbox 266 1577 331 1634; x_wconf 79' lang='lat' dir='ltr'><strong>ques</strong></span> <span class='ocrx_word' id='word_1_175' title='bbox 348 1559 386 1616; x_wconf 88' lang='lat' dir='ltr'><strong>sit</strong></span> <span class='ocrx_word' id='word_1_176' title='bbox 400 1559 496 1615; x_wconf 86' lang='lat' dir='ltr'><strong>forma</strong></span> <span class='ocrx_word' id='word_1_177' title='bbox 510 1555 667 1614; x_wconf 89' lang='lat' dir='ltr'><strong>verborum</strong></span> <span class='ocrx_word' id='word_1_178' title='bbox 682 1571 771 1627; x_wconf 89' lang='lat' dir='ltr'><strong>quam</strong></span> <span class='ocrx_word' id='word_1_179' title='bbox 787 1555 849 1627; x_wconf 89' lang='lat' dir='ltr'><strong>ipse</strong></span> <span class='ocrx_word' id='word_1_180' title='bbox 865 1553 999 1610; x_wconf 87' lang='lat' dir='ltr'><strong>Christus</strong></span> <span class='ocrx_word' id='word_1_181' title='bbox 1053 1553 1082 1605; x_wconf 93' lang='lat' dir='ltr'><strong>et</strong></span> <span class='ocrx_word' id='word_1_182' title='bbox 1096 1549 1256 1606; x_wconf 90' lang='lat' dir='ltr'><strong>vitulorum</strong></span> <span class='ocrx_word' id='word_1_183' title='bbox 1271 1549 1328 1607; x_wconf 86' lang='lat' dir='ltr'><strong>fuit</strong></span> <span class='ocrx_word' id='word_1_184' title='bbox 1342 1551 1487 1625; x_wconf 88' lang='lat' dir='ltr'><strong>sanguine</strong></span> <span class='ocrx_word' id='word_1_185' title='bbox 1507 1550 1688 1624; x_wconf 87' lang='lat' dir='ltr'><strong>dedicatum,</strong></span> <span class='ocrx_word' id='word_1_186' title='bbox 1704 1554 1882 1628; x_wconf 80' lang='lat' dir='ltr'><strong>temporalia</strong></span> 
     </span>
     <span class='ocr_line' id='line_1_17' title="bbox 175 1639 1884 1726; baseline -0.006 -17"><span class='ocrx_word' id='word_1_187' title='bbox 175 1649 332 1726; x_wconf 88' lang='lat' dir='ltr'><strong>expressit,</strong></span> <span class='ocrx_word' id='word_1_188' title='bbox 356 1666 423 1705; x_wconf 92' lang='lat' dir='ltr'><strong>cum</strong></span> <span class='ocrx_word' id='word_1_189' title='bbox 436 1648 468 1704; x_wconf 91' lang='lat' dir='ltr'><strong>in</strong></span> <span class='ocrx_word' id='word_1_190' title='bbox 484 1663 590 1720; x_wconf 89' lang='lat' dir='ltr'><strong>corpus</strong></span> <span class='ocrx_word' id='word_1_191' title='bbox 603 1650 634 1702; x_wconf 90' lang='lat' dir='ltr'><strong>et</strong></span> <span class='ocrx_word' id='word_1_192' title='bbox 656 1644 832 1719; x_wconf 89' lang='lat' dir='ltr'><strong>sanguinem</strong></span> <span class='ocrx_word' id='word_1_193' title='bbox 847 1659 933 1700; x_wconf 89' lang='lat' dir='ltr'><strong>suum</strong></span> <span class='ocrx_word' id='word_1_194' title='bbox 947 1658 998 1714; x_wconf 88' lang='lat' dir='ltr'><strong>pa·</strong></span> <span class='ocrx_word' id='word_1_195' title='bbox 1060 1639 1262 1712; x_wconf 88' lang='lat' dir='ltr'><strong>promittebat.</strong></span> <span class='ocrx_word' id='word_1_196' title='bbox 1279 1641 1389 1696; x_wconf 90' lang='lat' dir='ltr'><strong>Novum</strong></span> <span class='ocrx_word' id='word_1_197' title='bbox 1405 1646 1516 1710; x_wconf 88' lang='lat' dir='ltr'><strong>autem,</strong></span> <span class='ocrx_word' id='word_1_198' title='bbox 1533 1640 1612 1714; x_wconf 90' lang='lat' dir='ltr'><strong>quod</strong></span> <span class='ocrx_word' id='word_1_199' title='bbox 1628 1647 1673 1698; x_wconf 90' lang='lat' dir='ltr'><strong>est</strong></span> <span class='ocrx_word' id='word_1_200' title='bbox 1689 1641 1801 1698; x_wconf 83' lang='lat' dir='ltr'><strong>Christi</strong></span> <span class='ocrx_word' id='word_1_201' title='bbox 1817 1659 1884 1699; x_wconf 88' lang='lat' dir='ltr'><strong>san-</strong></span> 
     </span>
     <span class='ocr_line' id='line_1_18' title="bbox 175 1728 1881 1803; baseline -0.005 -7"><span class='ocrx_word' id='word_1_202' title='bbox 175 1759 245 1798; x_wconf 91' lang='lat' dir='ltr'><strong>nem</strong></span> <span class='ocrx_word' id='word_1_203' title='bbox 260 1736 552 1796; x_wconf 88' lang='lat' dir='ltr'><strong>transsubstantiavit</strong></span> <span class='ocrx_word' id='word_1_204' title='bbox 561 1741 590 1792; x_wconf 90' lang='lat' dir='ltr'><strong>et</strong></span> <span class='ocrx_word' id='word_1_205' title='bbox 603 1735 716 1803; x_wconf 88' lang='lat' dir='ltr'><strong>vinum,</strong></span> <span class='ocrx_word' id='word_1_206' title='bbox 730 1750 798 1790; x_wconf 89' lang='lat' dir='ltr'><strong>cum</strong></span> <span class='ocrx_word' id='word_1_207' title='bbox 813 1731 887 1788; x_wconf 92' lang='lat' dir='ltr'><strong>illud</strong></span> <span class='ocrx_word' id='word_1_208' title='bbox 902 1732 934 1787; x_wconf 89' lang='lat' dir='ltr'><strong>in</strong></span> <span class='ocrx_word' id='word_1_209' title='bbox 949 1748 999 1787; x_wconf 88' lang='lat' dir='ltr'><strong>ca·</strong></span> <span class='ocrx_word' id='word_1_210' title='bbox 1056 1728 1144 1802; x_wconf 90' lang='lat' dir='ltr'><strong>guine</strong></span> <span class='ocrx_word' id='word_1_211' title='bbox 1159 1734 1376 1798; x_wconf 88' lang='lat' dir='ltr'><strong>consecratum,</strong></span> <span class='ocrx_word' id='word_1_212' title='bbox 1392 1730 1669 1803; x_wconf 80' lang='lat' dir='ltr'><strong>promittitreterna.</strong></span> <span class='ocrx_word' id='word_1_213' title='bbox 1683 1733 1718 1786; x_wconf 87' lang='lat' dir='ltr'><strong>Et</strong></span> <span class='ocrx_word' id='word_1_214' title='bbox 1732 1730 1813 1800; x_wconf 88' lang='lat' dir='ltr'><strong>ideo,</strong></span> <span class='ocrx_word' id='word_1_215' title='bbox 1827 1738 1881 1788; x_wconf 87' lang='lat' dir='ltr'><strong>tes·</strong></span> 
     </span>
     <span class='ocr_line' id='line_1_19' title="bbox 175 1817 1880 1900; baseline -0.005 -13"><span class='ocrx_word' id='word_1_216' title='bbox 175 1847 254 1887; x_wconf 90' lang='lat' dir='ltr'><strong>none</strong></span> <span class='ocrx_word' id='word_1_217' title='bbox 268 1829 367 1884; x_wconf 85' lang='lat' dir='ltr'><strong>missas</strong></span> <span class='ocrx_word' id='word_1_218' title='bbox 379 1843 436 1900; x_wconf 90' lang='lat' dir='ltr'><strong>quo</strong></span> <span class='ocrx_word' id='word_1_219' title='bbox 450 1827 543 1881; x_wconf 91' lang='lat' dir='ltr'><strong>utitur</strong></span> <span class='ocrx_word' id='word_1_220' title='bbox 556 1823 688 1880; x_wconf 84' lang='lat' dir='ltr'><strong>Ecclesia</strong></span> <span class='ocrx_word' id='word_1_221' title='bbox 699 1820 847 1896; x_wconf 88' lang='lat' dir='ltr'><strong>generalis</strong></span> <span class='ocrx_word' id='word_1_222' title='bbox 858 1820 1002 1894; x_wconf 87' lang='lat' dir='ltr'><strong>adjecerit</strong></span> <span class='ocrx_word' id='word_1_223' title='bbox 1054 1824 1220 1875; x_wconf 76' lang='lat' dir='ltr'><strong>temeratum</strong></span> <span class='ocrx_word' id='word_1_224' title='bbox 1236 1817 1310 1875; x_wconf 88' lang='lat' dir='ltr'><strong>illud</strong></span> <span class='ocrx_word' id='word_1_225' title='bbox 1325 1819 1382 1876; x_wconf 85' lang='lat' dir='ltr'><strong>luit</strong></span> <span class='ocrx_word' id='word_1_226' title='bbox 1396 1825 1479 1876; x_wconf 86' lang='lat' dir='ltr'><strong>vetus</strong></span> <span class='ocrx_word' id='word_1_227' title='bbox 1494 1825 1523 1876; x_wconf 87' lang='lat' dir='ltr'><strong>et</strong></span> <span class='ocrx_word' id='word_1_228' title='bbox 1533 1821 1815 1890; x_wconf 88' lang='lat' dir='ltr'><strong>transitorium,hoc</strong></span> <span class='ocrx_word' id='word_1_229' title='bbox 1829 1839 1880 1878; x_wconf 86' lang='lat' dir='ltr'><strong>eu·</strong></span> 
     </span>
     <span class='ocr_line' id='line_1_20' title="bbox 176 1909 1883 1992; baseline -0.005 -17"><span class='ocrx_word' id='word_1_230' title='bbox 176 1918 256 1992; x_wconf 92' lang='lat' dir='ltr'><strong>quod</strong></span> <span class='ocrx_word' id='word_1_231' title='bbox 284 1915 385 1972; x_wconf 88' lang='lat' dir='ltr'><strong>nullus</strong></span> <span class='ocrx_word' id='word_1_232' title='bbox 413 1913 660 1987; x_wconf 80' lang='lat' dir='ltr'><strong>evangelistarum</strong></span> <span class='ocrx_word' id='word_1_233' title='bbox 685 1911 793 1986; x_wconf 87' lang='lat' dir='ltr'><strong>legitur</strong></span> <span class='ocrx_word' id='word_1_234' title='bbox 807 1909 999 1984; x_wconf 82' lang='lat' dir='ltr'><strong>expressisse.</strong></span> <span class='ocrx_word' id='word_1_235' title='bbox 1055 1913 1115 1964; x_wconf 92' lang='lat' dir='ltr'><strong>tem</strong></span> <span class='ocrx_word' id='word_1_236' title='bbox 1130 1924 1238 1965; x_wconf 85' lang='lat' dir='ltr'><strong>novum</strong></span> <span class='ocrx_word' id='word_1_237' title='bbox 1248 1914 1293 1965; x_wconf 93' lang='lat' dir='ltr'><strong>est</strong></span> <span class='ocrx_word' id='word_1_238' title='bbox 1305 1914 1334 1965; x_wconf 90' lang='lat' dir='ltr'><strong>et</strong></span> <span class='ocrx_word' id='word_1_239' title='bbox 1347 1914 1507 1980; x_wconf 67' lang='lat' dir='ltr'><strong>internum</strong></span> <span class='ocrx_word' id='word_1_240' title='bbox 1519 1910 1574 1982; x_wconf 89' lang='lat' dir='ltr'><strong>vel,</strong></span> <span class='ocrx_word' id='word_1_241' title='bbox 1588 1916 1621 1967; x_wconf 92' lang='lat' dir='ltr'><strong>ut</strong></span> <span class='ocrx_word' id='word_1_242' title='bbox 1634 1916 1755 1967; x_wconf 90' lang='lat' dir='ltr'><strong>utamur</strong></span> <span class='ocrx_word' id='word_1_243' title='bbox 1768 1911 1883 1970; x_wconf 83' lang='lat' dir='ltr'><strong>aliare·</strong></span> 
     </span>
     <span class='ocr_line' id='line_1_21' title="bbox 176 1997 1942 2077; baseline -0.006 -13"><span class='ocrx_word' id='word_1_244' title='bbox 176 2009 248 2064; x_wconf 90' lang='lat' dir='ltr'><strong>Cum</strong></span> <span class='ocrx_word' id='word_1_245' title='bbox 263 2006 343 2063; x_wconf 89' lang='lat' dir='ltr'><strong>enim</strong></span> <span class='ocrx_word' id='word_1_246' title='bbox 358 2004 390 2060; x_wconf 91' lang='lat' dir='ltr'><strong>in</strong></span> <span class='ocrx_word' id='word_1_247' title='bbox 403 2002 559 2077; x_wconf 88' lang='lat' dir='ltr'><strong>Evangelio</strong></span> <span class='ocrx_word' id='word_1_248' title='bbox 575 2003 616 2058; x_wconf 92' lang='lat' dir='ltr'><strong>sic</strong></span> <span class='ocrx_word' id='word_1_249' title='bbox 626 2001 742 2076; x_wconf 87' lang='lat' dir='ltr'><strong>legatur</strong></span> <span class='ocrx_word' id='word_1_250' title='bbox 759 2001 923 2072; x_wconf 85' lang='lat' dir='ltr'><strong>:Accipiens</strong></span> <span class='ocrx_word' id='word_1_251' title='bbox 933 1999 1001 2054; x_wconf 86' lang='lat' dir='ltr'><strong>ccli-</strong></span> <span class='ocrx_word' id='word_1_252' title='bbox 1055 1997 1146 2066; x_wconf 89' lang='lat' dir='ltr'><strong>tione,</strong></span> <span class='ocrx_word' id='word_1_253' title='bbox 1158 1997 1237 2055; x_wconf 89' lang='lat' dir='ltr'><strong>unde</strong></span> <span class='ocrx_word' id='word_1_254' title='bbox 1253 2014 1372 2068; x_wconf 89' lang='lat' dir='ltr'><strong>novum,</strong></span> <span class='ocrx_word' id='word_1_255' title='bbox 1388 1997 1419 2054; x_wconf 92' lang='lat' dir='ltr'><strong>id</strong></span> <span class='ocrx_word' id='word_1_256' title='bbox 1435 2003 1480 2054; x_wconf 90' lang='lat' dir='ltr'><strong>est</strong></span> <span class='ocrx_word' id='word_1_257' title='bbox 1494 1998 1645 2061; x_wconf 83' lang='lat' dir='ltr'><strong>ultimum.</strong></span> <span class='ocrx_word' id='word_1_258' title='bbox 1661 2016 1726 2056; x_wconf 87' lang='lat' dir='ltr'><strong>esse</strong></span> <span class='ocrx_word' id='word_1_259' title='bbox 1737 1999 1882 2056; x_wconf 84' lang='lat' dir='ltr'><strong>describi·</strong></span> <span class='ocrx_word' id='word_1_260' title='bbox 1941 2057 1942 2066; x_wconf 49' lang='grc'>,</span> 
     </span>
     <span class='ocr_line' id='line_1_22' title="bbox 177 2087 1883 2168; baseline -0.004 -15"><span class='ocrx_word' id='word_1_261' title='bbox 177 2113 232 2168; x_wconf 78' lang='lat' dir='ltr'><strong>cern</strong></span> <span class='ocrx_word' id='word_1_262' title='bbox 247 2099 352 2167; x_wconf 76' lang='lat' dir='ltr'><strong>pretias</strong></span> <span class='ocrx_word' id='word_1_263' title='bbox 378 2095 443 2164; x_wconf 77' lang='lat' dir='ltr'><strong>epit,</strong></span> <span class='ocrx_word' id='word_1_264' title='bbox 473 2092 611 2148; x_wconf 84' lang='lat' dir='ltr'><strong>benedicit</strong></span> <span class='ocrx_word' id='word_1_265' title='bbox 632 2096 657 2146; x_wconf 91' lang='lat' dir='ltr'><strong>et</strong></span> <span class='ocrx_word' id='word_1_266' title='bbox 683 2091 758 2146; x_wconf 82' lang='lat' dir='ltr'><strong>dedit</strong></span> <span class='ocrx_word' id='word_1_267' title='bbox 778 2089 920 2161; x_wconf 80' lang='lat' dir='ltr'><strong>discipulis</strong></span> <span class='ocrx_word' id='word_1_268' title='bbox 934 2089 1000 2160; x_wconf 84' lang='lat' dir='ltr'><strong>seis,</strong></span> <span class='ocrx_word' id='word_1_269' title='bbox 1056 2091 1261 2156; x_wconf 82' lang='lat' dir='ltr'><strong>tur,mternum</strong></span> <span class='ocrx_word' id='word_1_270' title='bbox 1277 2087 1391 2157; x_wconf 88' lang='lat' dir='ltr'><strong>inde,id</strong></span> <span class='ocrx_word' id='word_1_271' title='bbox 1407 2093 1452 2146; x_wconf 88' lang='lat' dir='ltr'><strong>est</strong></span> <span class='ocrx_word' id='word_1_272' title='bbox 1465 2094 1653 2162; x_wconf 86' lang='lat' dir='ltr'><strong>perpetuum,</strong></span> <span class='ocrx_word' id='word_1_273' title='bbox 1663 2090 1883 2162; x_wconf 89' lang='lat' dir='ltr'><strong>comprobatur.</strong></span> 
     </span>
     <span class='ocr_line' id='line_1_23' title="bbox 176 2176 1942 2248; baseline -0.004 -5"><span class='ocrx_word' id='word_1_274' title='bbox 176 2189 267 2243; x_wconf 88' lang='lat' dir='ltr'><strong>dicens</strong></span> <span class='ocrx_word' id='word_1_275' title='bbox 283 2201 292 2240; x_wconf 94' lang='lat'><em>:</em></span> <span class='ocrx_word' id='word_1_276' title='bbox 307 2185 396 2240; x_wconf 86' lang='lat' dir='ltr'><strong>Dibite</strong></span> <span class='ocrx_word' id='word_1_277' title='bbox 416 2182 637 2244; x_wconf 74' lang='lat' dir='ltr'><strong>enimomnes:</strong></span> <span class='ocrx_word' id='word_1_278' title='bbox 659 2179 703 2234; x_wconf 89' lang='lat' dir='ltr'><strong>bic</strong></span> <span class='ocrx_word' id='word_1_279' title='bbox 731 2184 769 2235; x_wconf 90' lang='lat' dir='ltr'><strong>est</strong></span> <span class='ocrx_word' id='word_1_280' title='bbox 790 2181 861 2235; x_wconf 89' lang='lat' dir='ltr'><strong>enim</strong></span> <span class='ocrx_word' id='word_1_281' title='bbox 889 2178 1001 2248; x_wconf 78' lang='lat' dir='ltr'><strong>sangnis</strong></span> <span class='ocrx_word' id='word_1_282' title='bbox 1055 2177 1252 2233; x_wconf 88' lang='lat' dir='ltr'><strong>Novissimum</strong></span> <span class='ocrx_word' id='word_1_283' title='bbox 1269 2176 1380 2234; x_wconf 88' lang='lat' dir='ltr'><strong>etenim</strong></span> <span class='ocrx_word' id='word_1_284' title='bbox 1395 2177 1527 2234; x_wconf 91' lang='lat' dir='ltr'><strong>hominis</strong></span> <span class='ocrx_word' id='word_1_285' title='bbox 1548 2183 1759 2235; x_wconf 88' lang='lat' dir='ltr'><strong>testamentum</strong></span> <span class='ocrx_word' id='word_1_286' title='bbox 1776 2179 1882 2236; x_wconf 88' lang='lat' dir='ltr'><strong>immo·</strong></span> <span class='ocrx_word' id='word_1_287' title='bbox 1941 2185 1942 2190; x_wconf 77' lang='grc'>’</span> 
     </span>
     <span class='ocr_line' id='line_1_24' title="bbox 176 2264 1883 2343; baseline -0.005 -10"><span class='ocrx_word' id='word_1_288' title='bbox 176 2293 249 2333; x_wconf 72' lang='lat' dir='ltr'><strong>inens</strong></span> <span class='ocrx_word' id='word_1_289' title='bbox 264 2278 327 2331; x_wconf 83' lang='lat' dir='ltr'><strong>novi</strong></span> <span class='ocrx_word' id='word_1_290' title='bbox 342 2273 504 2343; x_wconf 85' lang='lat' dir='ltr'><strong>testamenti,</strong></span> <span class='ocrx_word' id='word_1_291' title='bbox 520 2272 570 2342; x_wconf 84' lang='lat' dir='ltr'><strong>pei</strong></span> <span class='ocrx_word' id='word_1_292' title='bbox 593 2285 648 2342; x_wconf 86' lang='lat' dir='ltr'><strong>pro</strong></span> <span class='ocrx_word' id='word_1_293' title='bbox 675 2267 753 2326; x_wconf 88' lang='lat' dir='ltr'><strong>nobis</strong></span> <span class='ocrx_word' id='word_1_294' title='bbox 782 2275 808 2324; x_wconf 90' lang='lat' dir='ltr'><strong>et</strong></span> <span class='ocrx_word' id='word_1_295' title='bbox 824 2285 878 2340; x_wconf 88' lang='lat' dir='ltr'><strong>pro</strong></span> <span class='ocrx_word' id='word_1_296' title='bbox 907 2267 1000 2323; x_wconf 81' lang='lat' dir='ltr'><strong>nveitis</strong></span> <span class='ocrx_word' id='word_1_297' title='bbox 1055 2264 1114 2320; x_wconf 91' lang='lat' dir='ltr'><strong>bile</strong></span> <span class='ocrx_word' id='word_1_298' title='bbox 1130 2271 1308 2338; x_wconf 89' lang='lat' dir='ltr'><strong>perseverat,</strong></span> <span class='ocrx_word' id='word_1_299' title='bbox 1325 2267 1396 2338; x_wconf 90' lang='lat' dir='ltr'><strong>quia</strong></span> <span class='ocrx_word' id='word_1_300' title='bbox 1411 2266 1560 2323; x_wconf 89' lang='lat' dir='ltr'><strong>testatoris</strong></span> <span class='ocrx_word' id='word_1_301' title='bbox 1575 2267 1659 2324; x_wconf 90' lang='lat' dir='ltr'><strong>obitu</strong></span> <span class='ocrx_word' id='word_1_302' title='bbox 1674 2269 1883 2336; x_wconf 84' lang='lat' dir='ltr'><strong>confirmetur,</strong></span> 
     </span>
     <span class='ocr_line' id='line_1_25' title="bbox 175 2354 1942 2435; baseline -0.004 -15"><span class='ocrx_word' id='word_1_303' title='bbox 175 2365 333 2435; x_wconf 73' lang='lat' dir='ltr'><strong>effrtndetm·</strong></span> <span class='ocrx_word' id='word_1_304' title='bbox 347 2364 376 2417; x_wconf 86' lang='lat' dir='ltr'><strong>in</strong></span> <span class='ocrx_word' id='word_1_305' title='bbox 390 2359 573 2417; x_wconf 69' lang='lat' dir='ltr'><strong>permissionem</strong></span> <span class='ocrx_word' id='word_1_306' title='bbox 593 2363 769 2430; x_wconf 82' lang='lat' dir='ltr'><strong>peccatorem</strong></span> <span class='ocrx_word' id='word_1_307' title='bbox 788 2355 896 2429; x_wconf 81' lang='lat' dir='ltr'><strong>(natm.</strong></span> <span class='ocrx_word' id='word_1_308' title='bbox 925 2371 1000 2424; x_wconf 83' lang='lat' dir='ltr'><strong>xxvv,</strong></span> <span class='ocrx_word' id='word_1_309' title='bbox 1051 2355 1137 2427; x_wconf 85' lang='lat' dir='ltr'><strong>juxta</strong></span> <span class='ocrx_word' id='word_1_310' title='bbox 1152 2354 1231 2427; x_wconf 88' lang='lat' dir='ltr'><strong>quod</strong></span> <span class='ocrx_word' id='word_1_311' title='bbox 1246 2355 1406 2428; x_wconf 82' lang='lat' dir='ltr'><strong>Apostolus</strong></span> <span class='ocrx_word' id='word_1_312' title='bbox 1422 2361 1634 2414; x_wconf 87' lang='lat' dir='ltr'><strong>testamentum</strong></span> <span class='ocrx_word' id='word_1_313' title='bbox 1650 2357 1682 2414; x_wconf 90' lang='lat' dir='ltr'><strong>in</strong></span> <span class='ocrx_word' id='word_1_314' title='bbox 1696 2359 1825 2414; x_wconf 90' lang='lat' dir='ltr'><strong>mortuis</strong></span> <span class='ocrx_word' id='word_1_315' title='bbox 1840 2376 1884 2414; x_wconf 87' lang='lat' dir='ltr'><strong>as·</strong></span> <span class='ocrx_word' id='word_1_316' title='bbox 1941 2369 1942 2404; x_wconf 59' lang='grc' dir='ltr'>ἒ</span> 
     </span>
     <span class='ocr_line' id='line_1_26' title="bbox 176 2429 1942 2526; baseline -0.003 -18"><span class='ocrx_word' id='word_1_317' title='bbox 176 2450 356 2526; x_wconf 78' lang='lat' dir='ltr'><strong>27,28);in</strong></span> <span class='ocrx_word' id='word_1_318' title='bbox 384 2466 497 2508; x_wconf 88' lang='lat' dir='ltr'><strong>canone</strong></span> <span class='ocrx_word' id='word_1_319' title='bbox 526 2447 625 2504; x_wconf 79' lang='lat' dir='ltr'><strong>missar</strong></span> <span class='ocrx_word' id='word_1_320' title='bbox 650 2463 749 2503; x_wconf 88' lang='lat' dir='ltr'><strong>sermo</strong></span> <span class='ocrx_word' id='word_1_321' title='bbox 777 2446 843 2515; x_wconf 90' lang='lat' dir='ltr'><strong>iste,</strong></span> <span class='ocrx_word' id='word_1_322' title='bbox 865 2443 1003 2500; x_wconf 88' lang='lat' dir='ltr'><strong>videlicet</strong></span> <span class='ocrx_word' id='word_1_323' title='bbox 1056 2443 1128 2500; x_wconf 87' lang='lat' dir='ltr'><strong>serit</strong></span> <span class='ocrx_word' id='word_1_324' title='bbox 1141 2443 1361 2509; x_wconf 84' lang='lat' dir='ltr'><strong>confirmatum,</strong></span> <span class='ocrx_word' id='word_1_325' title='bbox 1377 2443 1512 2516; x_wconf 90' lang='lat' dir='ltr'><strong>alioquin</strong></span> <span class='ocrx_word' id='word_1_326' title='bbox 1529 2462 1590 2502; x_wconf 88' lang='lat' dir='ltr'><strong>non</strong></span> <span class='ocrx_word' id='word_1_327' title='bbox 1604 2443 1788 2516; x_wconf 86' lang='lat' dir='ltr'><strong>valere,dum</strong></span> <span class='ocrx_word' id='word_1_328' title='bbox 1806 2447 1881 2502; x_wconf 84' lang='lat' dir='ltr'><strong>vixe-</strong></span> <span class='ocrx_word' id='word_1_329' title='bbox 1941 2429 1942 2502; x_wconf 65' lang='grc' dir='ltr'>Ῐ</span> 
     </span>
     <span class='ocr_line' id='line_1_27' title="bbox 176 2533 1883 2614; baseline -0.005 -15"><span class='ocrx_word' id='word_1_330' title='bbox 176 2541 416 2614; x_wconf 75' lang='lat' dir='ltr'><strong>mysteriempdei,</strong></span> <span class='ocrx_word' id='word_1_331' title='bbox 431 2537 529 2595; x_wconf 88' lang='lat' dir='ltr'><strong>verbis</strong></span> <span class='ocrx_word' id='word_1_332' title='bbox 545 2536 617 2611; x_wconf 90' lang='lat' dir='ltr'><strong>ipsis</strong></span> <span class='ocrx_word' id='word_1_333' title='bbox 632 2536 826 2610; x_wconf 88' lang='lat' dir='ltr'><strong>interpositus</strong></span> <span class='ocrx_word' id='word_1_334' title='bbox 840 2534 1000 2592; x_wconf 89' lang='lat' dir='ltr'><strong>invenitur.</strong></span> <span class='ocrx_word' id='word_1_335' title='bbox 1055 2533 1094 2588; x_wconf 90' lang='lat' dir='ltr'><strong>rit</strong></span> <span class='ocrx_word' id='word_1_336' title='bbox 1110 2533 1160 2606; x_wconf 91' lang='lat' dir='ltr'><strong>qui</strong></span> <span class='ocrx_word' id='word_1_337' title='bbox 1185 2537 1319 2592; x_wconf 90' lang='lat' dir='ltr'><strong>testatur.</strong></span> <span class='ocrx_word' id='word_1_338' title='bbox 1349 2533 1497 2590; x_wconf 81' lang='lat' dir='ltr'><strong>Prmterea</strong></span> <span class='ocrx_word' id='word_1_339' title='bbox 1512 2551 1572 2590; x_wconf 91' lang='lat' dir='ltr'><strong>non</strong></span> <span class='ocrx_word' id='word_1_340' title='bbox 1600 2535 1697 2592; x_wconf 91' lang='lat' dir='ltr'><strong>solum</strong></span> <span class='ocrx_word' id='word_1_341' title='bbox 1725 2536 1883 2608; x_wconf 87' lang='lat' dir='ltr'><strong>scriptura,</strong></span> 
     </span>
     <span class='ocr_line' id='line_1_28' title="bbox 177 2621 1882 2702; baseline -0.005 -14"><span class='ocrx_word' id='word_1_342' title='bbox 177 2632 271 2700; x_wconf 88' lang='lat' dir='ltr'><strong>Unde,</strong></span> <span class='ocrx_word' id='word_1_343' title='bbox 287 2647 354 2687; x_wconf 90' lang='lat' dir='ltr'><strong>cum</strong></span> <span class='ocrx_word' id='word_1_344' title='bbox 367 2629 440 2702; x_wconf 75' lang='lat' dir='ltr'><strong>(tae)</strong></span> <span class='ocrx_word' id='word_1_345' title='bbox 456 2626 636 2702; x_wconf 87' lang='lat' dir='ltr'><strong>evangelista</strong></span> <span class='ocrx_word' id='word_1_346' title='bbox 646 2625 795 2682; x_wconf 89' lang='lat' dir='ltr'><strong>Christum</strong></span> <span class='ocrx_word' id='word_1_347' title='bbox 820 2623 875 2680; x_wconf 90' lang='lat' dir='ltr'><strong>hoc</strong></span> <span class='ocrx_word' id='word_1_348' title='bbox 889 2623 1001 2680; x_wconf 83' lang='lat' dir='ltr'><strong>dixisse</strong></span> <span class='ocrx_word' id='word_1_349' title='bbox 1055 2621 1108 2678; x_wconf 88' lang='lat' dir='ltr'><strong>sed</strong></span> <span class='ocrx_word' id='word_1_350' title='bbox 1123 2625 1153 2677; x_wconf 90' lang='lat' dir='ltr'><strong>et</strong></span> <span class='ocrx_word' id='word_1_351' title='bbox 1167 2621 1324 2694; x_wconf 91' lang='lat' dir='ltr'><strong>promissio</strong></span> <span class='ocrx_word' id='word_1_352' title='bbox 1340 2621 1681 2693; x_wconf 87' lang='lat' dir='ltr'><strong>diciturtestamentnm,</strong></span> <span class='ocrx_word' id='word_1_353' title='bbox 1694 2624 1783 2698; x_wconf 86' lang='lat' dir='ltr'><strong>juria</strong></span> <span class='ocrx_word' id='word_1_354' title='bbox 1806 2624 1882 2696; x_wconf 88' lang='lat' dir='ltr'><strong>quod</strong></span> 
     </span>
     <span class='ocr_line' id='line_1_29' title="bbox 176 2711 1883 2788; baseline -0.005 -10"><span class='ocrx_word' id='word_1_355' title='bbox 176 2725 312 2788; x_wconf 88' lang='lat' dir='ltr'><strong>testetur,</strong></span> <span class='ocrx_word' id='word_1_356' title='bbox 328 2716 455 2775; x_wconf 90' lang='lat' dir='ltr'><strong>moveris</strong></span> <span class='ocrx_word' id='word_1_357' title='bbox 481 2734 541 2772; x_wconf 91' lang='lat' dir='ltr'><strong>uon</strong></span> <span class='ocrx_word' id='word_1_358' title='bbox 556 2715 707 2773; x_wconf 88' lang='lat' dir='ltr'><strong>modicum</strong></span> <span class='ocrx_word' id='word_1_359' title='bbox 723 2720 754 2770; x_wconf 90' lang='lat' dir='ltr'><strong>et</strong></span> <span class='ocrx_word' id='word_1_360' title='bbox 778 2713 896 2770; x_wconf 88' lang='lat' dir='ltr'><strong>miraris</strong></span> <span class='ocrx_word' id='word_1_361' title='bbox 921 2712 1000 2784; x_wconf 92' lang='lat' dir='ltr'><strong>quod</strong></span> <span class='ocrx_word' id='word_1_362' title='bbox 1056 2711 1215 2784; x_wconf 83' lang='lat' dir='ltr'><strong>Apostolus</strong></span> <span class='ocrx_word' id='word_1_363' title='bbox 1231 2713 1294 2786; x_wconf 90' lang='lat' dir='ltr'><strong>ipse</strong></span> <span class='ocrx_word' id='word_1_364' title='bbox 1311 2711 1433 2768; x_wconf 87' lang='lat' dir='ltr'><strong>scribit:</strong></span> <span class='ocrx_word' id='word_1_365' title='bbox 1448 2713 1511 2770; x_wconf 83' lang='lat' dir='ltr'><strong>Ideo</strong></span> <span class='ocrx_word' id='word_1_366' title='bbox 1530 2715 1593 2770; x_wconf 82' lang='lat' dir='ltr'><strong>novi</strong></span> <span class='ocrx_word' id='word_1_367' title='bbox 1608 2717 1761 2771; x_wconf 81' lang='lat' dir='ltr'><strong>testamenti</strong></span> <span class='ocrx_word' id='word_1_368' title='bbox 1775 2717 1883 2770; x_wconf 86' lang='lat' dir='ltr'><strong>mediu-</strong></span> 
     </span>
     <span class='ocr_line' id='line_1_30' title="bbox 176 2801 1885 2882; baseline -0.005 -15"><span class='ocrx_word' id='word_1_369' title='bbox 176 2809 285 2882; x_wconf 87' lang='lat' dir='ltr'><strong>aliquis</strong></span> <span class='ocrx_word' id='word_1_370' title='bbox 300 2823 468 2865; x_wconf 88' lang='lat' dir='ltr'><strong>asseverare</strong></span> <span class='ocrx_word' id='word_1_371' title='bbox 485 2805 641 2862; x_wconf 85' lang='lat' dir='ltr'><strong>tentaverit</strong></span> <span class='ocrx_word' id='word_1_372' title='bbox 656 2821 723 2860; x_wconf 91' lang='lat' dir='ltr'><strong>eum</strong></span> <span class='ocrx_word' id='word_1_373' title='bbox 744 2801 857 2875; x_wconf 90' lang='lat' dir='ltr'><strong>aliquid</strong></span> <span class='ocrx_word' id='word_1_374' title='bbox 873 2801 940 2876; x_wconf 89' lang='lat' dir='ltr'><strong>plus</strong></span> <span class='ocrx_word' id='word_1_375' title='bbox 954 2801 1002 2858; x_wconf 93' lang='lat' dir='ltr'><strong>di·</strong></span> <span class='ocrx_word' id='word_1_376' title='bbox 1057 2805 1100 2857; x_wconf 82' lang='lat' dir='ltr'><strong>tot·</strong></span> <span class='ocrx_word' id='word_1_377' title='bbox 1118 2807 1165 2871; x_wconf 91' lang='lat' dir='ltr'><strong>est,</strong></span> <span class='ocrx_word' id='word_1_378' title='bbox 1181 2809 1211 2860; x_wconf 86' lang='lat' dir='ltr'><strong>nt</strong></span> <span class='ocrx_word' id='word_1_379' title='bbox 1237 2804 1471 2876; x_wconf 79' lang='lat' dir='ltr'><strong>repromissionem</strong></span> <span class='ocrx_word' id='word_1_380' title='bbox 1485 2804 1636 2876; x_wconf 85' lang='lat' dir='ltr'><strong>accipient,</strong></span> <span class='ocrx_word' id='word_1_381' title='bbox 1654 2807 1703 2875; x_wconf 83' lang='lat' dir='ltr'><strong>qui</strong></span> <span class='ocrx_word' id='word_1_382' title='bbox 1717 2807 1810 2860; x_wconf 84' lang='lat' dir='ltr'><strong>eocnti</strong></span> <span class='ocrx_word' id='word_1_383' title='bbox 1824 2811 1885 2861; x_wconf 76' lang='lat' dir='ltr'><strong>stant</strong></span> 
     </span>
     <span class='ocr_line' id='line_1_31' title="bbox 175 2890 1883 2970; baseline -0.004 -16"><span class='ocrx_word' id='word_1_384' title='bbox 175 2899 254 2956; x_wconf 87' lang='lat' dir='ltr'><strong>xisse</strong></span> <span class='ocrx_word' id='word_1_385' title='bbox 273 2913 363 2970; x_wconf 90' lang='lat' dir='ltr'><strong>quam</strong></span> <span class='ocrx_word' id='word_1_386' title='bbox 378 2895 625 2970; x_wconf 82' lang='lat' dir='ltr'><strong>evangelistarum</strong></span> <span class='ocrx_word' id='word_1_387' title='bbox 641 2892 750 2966; x_wconf 88' lang='lat' dir='ltr'><strong>aliquis</strong></span> <span class='ocrx_word' id='word_1_388' title='bbox 763 2897 922 2950; x_wconf 88' lang='lat' dir='ltr'><strong>asseveret.</strong></span> <span class='ocrx_word' id='word_1_389' title='bbox 947 2893 1001 2948; x_wconf 89' lang='lat' dir='ltr'><strong>Ve·</strong></span> <span class='ocrx_word' id='word_1_390' title='bbox 1056 2890 1225 2948; x_wconf 75' lang='lat' dir='ltr'><strong>hereditatis</strong></span> <span class='ocrx_word' id='word_1_391' title='bbox 1239 2897 1346 2948; x_wconf 77' lang='lat' dir='ltr'><strong>aterne</strong></span> <span class='ocrx_word' id='word_1_392' title='bbox 1358 2891 1452 2966; x_wconf 75' lang='lat' dir='ltr'><strong>(Hebe.</strong></span> <span class='ocrx_word' id='word_1_393' title='bbox 1470 2910 1508 2962; x_wconf 85' lang='lat' dir='ltr'><strong>rx,</strong></span> <span class='ocrx_word' id='word_1_394' title='bbox 1526 2895 1580 2960; x_wconf 82' lang='lat'>15).</span> <span class='ocrx_word' id='word_1_395' title='bbox 1598 2893 1644 2949; x_wconf 92' lang='lat' dir='ltr'><strong>Sic</strong></span> <span class='ocrx_word' id='word_1_396' title='bbox 1672 2910 1740 2966; x_wconf 88' lang='lat' dir='ltr'><strong>ergo</strong></span> <span class='ocrx_word' id='word_1_397' title='bbox 1759 2893 1883 2961; x_wconf 74' lang='lat' dir='ltr'><strong>intelligi</strong></span> 
     </span>
     <span class='ocr_line' id='line_1_32' title="bbox 175 2980 1882 3058; baseline -0.002 -15"><span class='ocrx_word' id='word_1_398' title='bbox 175 3005 253 3058; x_wconf 85' lang='lat' dir='ltr'><strong>rum,</strong></span> <span class='ocrx_word' id='word_1_399' title='bbox 270 2985 294 3042; x_wconf 92' lang='lat' dir='ltr'><strong>si</strong></span> <span class='ocrx_word' id='word_1_400' title='bbox 308 2984 435 3042; x_wconf 82' lang='lat' dir='ltr'><strong>formam</strong></span> <span class='ocrx_word' id='word_1_401' title='bbox 450 2981 822 3057; x_wconf 88' lang='lat' dir='ltr'><strong>ipsiuscanonisiuspieias</strong></span> <span class='ocrx_word' id='word_1_402' title='bbox 833 2981 1001 3055; x_wconf 81' lang='lat' dir='ltr'><strong>diligenter,</strong></span> <span class='ocrx_word' id='word_1_403' title='bbox 1059 2980 1147 3038; x_wconf 92' lang='lat' dir='ltr'><strong>debet</strong></span> <span class='ocrx_word' id='word_1_404' title='bbox 1161 2983 1239 3054; x_wconf 90' lang='lat' dir='ltr'><strong>quod</strong></span> <span class='ocrx_word' id='word_1_405' title='bbox 1255 2983 1285 3038; x_wconf 89' lang='lat' dir='ltr'><strong>in</strong></span> <span class='ocrx_word' id='word_1_406' title='bbox 1300 2983 1365 3057; x_wconf 92' lang='lat' dir='ltr'><strong>ipso</strong></span> <span class='ocrx_word' id='word_1_407' title='bbox 1380 3000 1494 3040; x_wconf 90' lang='lat' dir='ltr'><strong>canone</strong></span> <span class='ocrx_word' id='word_1_408' title='bbox 1515 2985 1678 3058; x_wconf 87' lang='lat' dir='ltr'><strong>reperitur:</strong></span> <span class='ocrx_word' id='word_1_409' title='bbox 1692 2986 1745 3040; x_wconf 82' lang='lat' dir='ltr'><strong>llic</strong></span> <span class='ocrx_word' id='word_1_410' title='bbox 1765 2993 1806 3041; x_wconf 89' lang='lat' dir='ltr'><strong>est</strong></span> <span class='ocrx_word' id='word_1_411' title='bbox 1821 3002 1882 3042; x_wconf 85' lang='lat' dir='ltr'><strong>sen·</strong></span> 
     </span>
     <span class='ocr_line' id='line_1_33' title="bbox 175 3057 1881 3150; baseline -0.001 -18"><span class='ocrx_word' id='word_1_412' title='bbox 175 3082 283 3150; x_wconf 81' lang='lat' dir='ltr'><strong>praeter</strong></span> <span class='ocrx_word' id='word_1_413' title='bbox 297 3075 353 3132; x_wconf 90' lang='lat' dir='ltr'><strong>hoc</strong></span> <span class='ocrx_word' id='word_1_414' title='bbox 382 3075 418 3130; x_wconf 89' lang='lat' dir='ltr'><strong>de</strong></span> <span class='ocrx_word' id='word_1_415' title='bbox 440 3091 498 3146; x_wconf 88' lang='lat' dir='ltr'><strong>quo</strong></span> <span class='ocrx_word' id='word_1_416' title='bbox 514 3076 565 3130; x_wconf 88' lang='lat' dir='ltr'><strong>tua</strong></span> <span class='ocrx_word' id='word_1_417' title='bbox 578 3071 749 3128; x_wconf 73' lang='lat' dir='ltr'><strong>fraternitas</strong></span> <span class='ocrx_word' id='word_1_418' title='bbox 763 3070 926 3142; x_wconf 88' lang='lat' dir='ltr'><strong>requisivit,</strong></span> <span class='ocrx_word' id='word_1_419' title='bbox 942 3057 1041 3127; x_wconf 85' lang='lat' dir='ltr'><strong>aliaC</strong></span> <span class='ocrx_word' id='word_1_420' title='bbox 1058 3073 1120 3142; x_wconf 80' lang='lat' dir='ltr'><strong>puis</strong></span> <span class='ocrx_word' id='word_1_421' title='bbox 1134 3072 1285 3143; x_wconf 62' lang='lat' dir='ltr'><strong>manassent</strong></span> <span class='ocrx_word' id='word_1_422' title='bbox 1298 3080 1323 3131; x_wconf 88' lang='lat' dir='ltr'><strong>et</strong></span> <span class='ocrx_word' id='word_1_423' title='bbox 1337 3075 1433 3132; x_wconf 74' lang='lat' dir='ltr'><strong>aterni</strong></span> <span class='ocrx_word' id='word_1_424' title='bbox 1447 3077 1609 3146; x_wconf 84' lang='lat' dir='ltr'><strong>testamenti,</strong></span> <span class='ocrx_word' id='word_1_425' title='bbox 1618 3091 1699 3132; x_wconf 76' lang='lat' dir='ltr'><strong>novas</strong></span> <span class='ocrx_word' id='word_1_426' title='bbox 1714 3091 1749 3132; x_wconf 91' lang='lat' dir='ltr'><strong>ae</strong></span> <span class='ocrx_word' id='word_1_427' title='bbox 1765 3081 1881 3132; x_wconf 80' lang='lat' dir='ltr'><strong>aeterna</strong></span> 
     </span>
     <span class='ocr_line' id='line_1_34' title="bbox 175 3160 1883 3235; baseline -0.002 -11"><span class='ocrx_word' id='word_1_428' title='bbox 175 3167 244 3235; x_wconf 92' lang='lat' dir='ltr'><strong>duo,</strong></span> <span class='ocrx_word' id='word_1_429' title='bbox 260 3164 407 3232; x_wconf 83' lang='lat' dir='ltr'><strong>videlieet,</strong></span> <span class='ocrx_word' id='word_1_430' title='bbox 422 3161 532 3220; x_wconf 74' lang='lat' dir='ltr'><strong>ementis</strong></span> <span class='ocrx_word' id='word_1_431' title='bbox 558 3162 643 3219; x_wconf 84' lang='lat' dir='ltr'><strong>ecelis</strong></span> <span class='ocrx_word' id='word_1_432' title='bbox 667 3163 697 3216; x_wconf 86' lang='lat' dir='ltr'><strong>in</strong></span> <span class='ocrx_word' id='word_1_433' title='bbox 724 3160 820 3218; x_wconf 81' lang='lat' dir='ltr'><strong>celem</strong></span> <span class='ocrx_word' id='word_1_434' title='bbox 850 3164 880 3216; x_wconf 93' lang='lat' dir='ltr'><strong>et</strong></span> <span class='ocrx_word' id='word_1_435' title='bbox 907 3161 1006 3218; x_wconf 70' lang='lat' dir='ltr'><strong>aeterni</strong></span> <span class='ocrx_word' id='word_1_436' title='bbox 1059 3163 1267 3234; x_wconf 89' lang='lat' dir='ltr'><strong>promissionis</strong></span> <span class='ocrx_word' id='word_1_437' title='bbox 1295 3163 1408 3220; x_wconf 88' lang='lat' dir='ltr'><strong>scilicet</strong></span> <span class='ocrx_word' id='word_1_438' title='bbox 1422 3165 1624 3234; x_wconf 82' lang='lat' dir='ltr'><strong>confirmator,</strong></span> <span class='ocrx_word' id='word_1_439' title='bbox 1640 3165 1717 3222; x_wconf 87' lang='lat' dir='ltr'><strong>sicut</strong></span> <span class='ocrx_word' id='word_1_440' title='bbox 1742 3167 1883 3222; x_wconf 85' lang='lat' dir='ltr'><strong>Dominus</strong></span> 
     </span>
     <span class='ocr_line' id='line_1_35' title="bbox 177 3249 1882 3327; baseline -0.001 -15"><span class='ocrx_word' id='word_1_441' title='bbox 177 3256 341 3325; x_wconf 83' lang='lat' dir='ltr'><strong>testamenti,</strong></span> <span class='ocrx_word' id='word_1_442' title='bbox 357 3251 468 3327; x_wconf 90' lang='lat' dir='ltr'><strong>poteris</strong></span> <span class='ocrx_word' id='word_1_443' title='bbox 483 3253 514 3308; x_wconf 89' lang='lat' dir='ltr'><strong>ia</strong></span> <span class='ocrx_word' id='word_1_444' title='bbox 529 3251 593 3325; x_wconf 93' lang='lat' dir='ltr'><strong>ipso</strong></span> <span class='ocrx_word' id='word_1_445' title='bbox 609 3266 725 3307; x_wconf 88' lang='lat' dir='ltr'><strong>canone</strong></span> <span class='ocrx_word' id='word_1_446' title='bbox 740 3249 884 3322; x_wconf 89' lang='lat' dir='ltr'><strong>reperire,</strong></span> <span class='ocrx_word' id='word_1_447' title='bbox 892 3265 957 3322; x_wconf 73' lang='lat' dir='ltr'><strong>qum</strong></span> <span class='ocrx_word' id='word_1_448' title='bbox 973 3249 1004 3306; x_wconf 86' lang='lat' dir='ltr'><strong>in</strong></span> <span class='ocrx_word' id='word_1_449' title='bbox 1059 3253 1250 3326; x_wconf 88' lang='lat' dir='ltr'><strong>repromittit,</strong></span> <span class='ocrx_word' id='word_1_450' title='bbox 1265 3254 1320 3319; x_wconf 81' lang='lat' dir='ltr'><strong>Dei</strong></span> <span class='ocrx_word' id='word_1_451' title='bbox 1337 3255 1495 3322; x_wconf 80' lang='lat' dir='ltr'><strong>ntendecat,</strong></span> <span class='ocrx_word' id='word_1_452' title='bbox 1510 3253 1649 3326; x_wconf 86' lang='lat' dir='ltr'><strong>inquiens</strong></span> <span class='ocrx_word' id='word_1_453' title='bbox 1663 3271 1774 3311; x_wconf 83' lang='lat' dir='ltr'><strong>curnem</strong></span> <span class='ocrx_word' id='word_1_454' title='bbox 1788 3273 1882 3321; x_wconf 75' lang='lat' dir='ltr'><strong>meam</strong></span> 
     </span>
     <span class='ocr_line' id='line_1_36' title="bbox 177 3336 1881 3427; baseline -0.001 -26"><span class='ocrx_word' id='word_1_455' title='bbox 177 3351 259 3423; x_wconf 61' lang='lat' dir='ltr'><strong>,extu</strong></span> <span class='ocrx_word' id='word_1_456' title='bbox 274 3342 443 3427; x_wconf 78' lang='lat' dir='ltr'><strong>evangelico</strong></span> <span class='ocrx_word' id='word_1_457' title='bbox 455 3357 516 3398; x_wconf 90' lang='lat' dir='ltr'><strong>non</strong></span> <span class='ocrx_word' id='word_1_458' title='bbox 531 3340 680 3415; x_wconf 89' lang='lat' dir='ltr'><strong>leguntur.</strong></span> <span class='ocrx_word' id='word_1_459' title='bbox 692 3339 767 3395; x_wconf 88' lang='lat' dir='ltr'><strong>Sane</strong></span> <span class='ocrx_word' id='word_1_460' title='bbox 778 3336 873 3394; x_wconf 91' lang='lat' dir='ltr'><strong>multa</strong></span> <span class='ocrx_word' id='word_1_461' title='bbox 888 3343 948 3395; x_wconf 89' lang='lat' dir='ltr'><strong>tam</strong></span> <span class='ocrx_word' id='word_1_462' title='bbox 968 3338 1004 3395; x_wconf 88' lang='lat' dir='ltr'><strong>de</strong></span> <span class='ocrx_word' id='word_1_463' title='bbox 1060 3350 1085 3400; x_wconf 91' lang='lat' dir='ltr'><strong>et</strong></span> <span class='ocrx_word' id='word_1_464' title='bbox 1094 3347 1255 3415; x_wconf 68' lang='lat' dir='ltr'><strong>sanquinem</strong></span> <span class='ocrx_word' id='word_1_465' title='bbox 1268 3361 1357 3402; x_wconf 84' lang='lat' dir='ltr'><strong>meum</strong></span> <span class='ocrx_word' id='word_1_466' title='bbox 1373 3343 1534 3414; x_wconf 71' lang='lat' dir='ltr'><strong>titintotet</strong></span> <span class='ocrx_word' id='word_1_467' title='bbox 1548 3347 1634 3403; x_wconf 83' lang='lat' dir='ltr'><strong>sitnm</strong></span> <span class='ocrx_word' id='word_1_468' title='bbox 1646 3353 1777 3403; x_wconf 75' lang='lat' dir='ltr'><strong>eternum</strong></span> <span class='ocrx_word' id='word_1_469' title='bbox 1793 3348 1881 3420; x_wconf 84' lang='lat' dir='ltr'><strong>(Jocn.</strong></span> 
     </span>
     <span class='ocr_line' id='line_1_37' title="bbox 174 3428 1942 3508; baseline -0.002 -14"><span class='ocrx_word' id='word_1_470' title='bbox 174 3436 272 3494; x_wconf 90' lang='lat' dir='ltr'><strong>verbis</strong></span> <span class='ocrx_word' id='word_1_471' title='bbox 288 3451 378 3508; x_wconf 89' lang='lat' dir='ltr'><strong>quam</strong></span> <span class='ocrx_word' id='word_1_472' title='bbox 407 3433 443 3490; x_wconf 88' lang='lat' dir='ltr'><strong>de</strong></span> <span class='ocrx_word' id='word_1_473' title='bbox 471 3432 557 3490; x_wconf 88' lang='lat' dir='ltr'><strong>laetis</strong></span> <span class='ocrx_word' id='word_1_474' title='bbox 582 3430 753 3501; x_wconf 82' lang='lat' dir='ltr'><strong>Dominicis,</strong></span> <span class='ocrx_word' id='word_1_475' title='bbox 777 3429 944 3488; x_wconf 87' lang='lat' dir='ltr'><strong>invenimus</strong></span> <span class='ocrx_word' id='word_1_476' title='bbox 966 3428 1003 3486; x_wconf 88' lang='lat' dir='ltr'><strong>ab</strong></span> <span class='ocrx_word' id='word_1_477' title='bbox 1058 3433 1232 3508; x_wconf 64' lang='lat' dir='ltr'><strong>amititia</strong></span> <span class='ocrx_word' id='word_1_478' title='bbox 1256 3451 1290 3492; x_wconf 92' lang='lat' dir='ltr'><strong>eo</strong></span> <span class='ocrx_word' id='word_1_479' title='bbox 1311 3438 1411 3492; x_wconf 88' lang='lat' dir='ltr'><strong>eutem</strong></span> <span class='ocrx_word' id='word_1_480' title='bbox 1438 3435 1538 3502; x_wconf 88' lang='lat' dir='ltr'><strong>verbo,</strong></span> <span class='ocrx_word' id='word_1_481' title='bbox 1566 3435 1603 3492; x_wconf 87' lang='lat' dir='ltr'><strong>do</strong></span> <span class='ocrx_word' id='word_1_482' title='bbox 1630 3452 1688 3508; x_wconf 88' lang='lat' dir='ltr'><strong>quo</strong></span> <span class='ocrx_word' id='word_1_483' title='bbox 1715 3437 1809 3492; x_wconf 88' lang='lat' dir='ltr'><strong>movit</strong></span> <span class='ocrx_word' id='word_1_484' title='bbox 1836 3441 1883 3492; x_wconf 85' lang='lat' dir='ltr'><strong>tus</strong></span> <span class='ocrx_word' id='word_1_485' title='bbox 1941 3483 1942 3506; x_wconf 79' lang='lat'><strong>,</strong></span> 
     </span>
     <span class='ocr_line' id='line_1_38' title="bbox 177 3517 1942 3600; baseline -0.003 -16"><span class='ocrx_word' id='word_1_486' title='bbox 177 3524 365 3600; x_wconf 85' lang='lat' dir='ltr'><strong>evangelistis</strong></span> <span class='ocrx_word' id='word_1_487' title='bbox 381 3523 501 3592; x_wconf 90' lang='lat' dir='ltr'><strong>omissa,</strong></span> <span class='ocrx_word' id='word_1_488' title='bbox 518 3538 584 3594; x_wconf 78' lang='lat' dir='ltr'><strong>qum</strong></span> <span class='ocrx_word' id='word_1_489' title='bbox 615 3518 739 3593; x_wconf 88' lang='lat' dir='ltr'><strong>apostoli</strong></span> <span class='ocrx_word' id='word_1_490' title='bbox 754 3518 800 3574; x_wconf 88' lang='lat' dir='ltr'><strong>vel</strong></span> <span class='ocrx_word' id='word_1_491' title='bbox 820 3517 1003 3591; x_wconf 86' lang='lat' dir='ltr'><strong>supplevisse</strong></span> <span class='ocrx_word' id='word_1_492' title='bbox 1057 3521 1228 3580; x_wconf 80' lang='lat' dir='ltr'><strong>fraternitas</strong></span> <span class='ocrx_word' id='word_1_493' title='bbox 1245 3522 1451 3594; x_wconf 79' lang='lat' dir='ltr'><strong>quaestionem,</strong></span> <span class='ocrx_word' id='word_1_494' title='bbox 1471 3522 1620 3592; x_wconf 89' lang='lat' dir='ltr'><strong>videlicet,</strong></span> <span class='ocrx_word' id='word_1_495' title='bbox 1635 3525 1796 3594; x_wconf 81' lang='lat' dir='ltr'><strong>nvpsterimn</strong></span> <span class='ocrx_word' id='word_1_496' title='bbox 1807 3524 1879 3595; x_wconf 70' lang='lat' dir='ltr'><strong>plici,</strong></span> <span class='ocrx_word' id='word_1_497' title='bbox 1941 3525 1942 3598; x_wconf 64' lang='lat' dir='ltr'><strong>i</strong></span> 
     </span>
     <span class='ocr_line' id='line_1_39' title="bbox 175 3606 1942 3686; baseline -0.003 -13"><span class='ocrx_word' id='word_1_498' title='bbox 175 3614 264 3673; x_wconf 89' lang='lat' dir='ltr'><strong>verbo</strong></span> <span class='ocrx_word' id='word_1_499' title='bbox 279 3614 324 3671; x_wconf 89' lang='lat' dir='ltr'><strong>vel</strong></span> <span class='ocrx_word' id='word_1_500' title='bbox 339 3615 416 3670; x_wconf 90' lang='lat' dir='ltr'><strong>iacto</strong></span> <span class='ocrx_word' id='word_1_501' title='bbox 432 3611 613 3685; x_wconf 88' lang='lat' dir='ltr'><strong>expressisse</strong></span> <span class='ocrx_word' id='word_1_502' title='bbox 625 3609 774 3683; x_wconf 87' lang='lat' dir='ltr'><strong>leguntur.</strong></span> <span class='ocrx_word' id='word_1_503' title='bbox 786 3607 896 3664; x_wconf 89' lang='lat' dir='ltr'><strong>Paulus</strong></span> <span class='ocrx_word' id='word_1_504' title='bbox 911 3606 1003 3674; x_wconf 87' lang='lat' dir='ltr'><strong>enim,</strong></span> <span class='ocrx_word' id='word_1_505' title='bbox 1058 3611 1279 3669; x_wconf 89' lang='lat' dir='ltr'><strong>munimentum</strong></span> <span class='ocrx_word' id='word_1_506' title='bbox 1296 3611 1405 3668; x_wconf 90' lang='lat' dir='ltr'><strong>erroris</strong></span> <span class='ocrx_word' id='word_1_507' title='bbox 1418 3611 1539 3684; x_wconf 88' lang='lat' dir='ltr'><strong>quidam</strong></span> <span class='ocrx_word' id='word_1_508' title='bbox 1561 3613 1679 3670; x_wconf 87' lang='lat' dir='ltr'><strong>trahere</strong></span> <span class='ocrx_word' id='word_1_509' title='bbox 1695 3617 1881 3686; x_wconf 86' lang='lat' dir='ltr'><strong>putaverunt,</strong></span> <span class='ocrx_word' id='word_1_510' title='bbox 1941 3611 1942 3680; x_wconf 65' lang='grc' dir='ltr'>ξ</span> 
     </span>
     <span class='ocr_line' id='line_1_40' title="bbox 174 3697 1882 3774; baseline -0.001 -15"><span class='ocrx_word' id='word_1_511' title='bbox 174 3705 207 3760; x_wconf 91' lang='lat' dir='ltr'><strong>in</strong></span> <span class='ocrx_word' id='word_1_512' title='bbox 234 3703 356 3760; x_wconf 92' lang='lat' dir='ltr'><strong>Actibus</strong></span> <span class='ocrx_word' id='word_1_513' title='bbox 385 3700 599 3774; x_wconf 88' lang='lat' dir='ltr'><strong>apostolorum,</strong></span> <span class='ocrx_word' id='word_1_514' title='bbox 626 3699 669 3755; x_wconf 89' lang='lat' dir='ltr'><strong>sio</strong></span> <span class='ocrx_word' id='word_1_515' title='bbox 696 3699 762 3755; x_wconf 91' lang='lat' dir='ltr'><strong>ait:</strong></span> <span class='ocrx_word' id='word_1_516' title='bbox 786 3699 938 3754; x_wconf 78' lang='lat' dir='ltr'><strong>Meminisse</strong></span> <span class='ocrx_word' id='word_1_517' title='bbox 958 3712 1003 3752; x_wconf 84' lang='lat' dir='ltr'><strong>vos</strong></span> <span class='ocrx_word' id='word_1_518' title='bbox 1057 3697 1191 3756; x_wconf 87' lang='lat' dir='ltr'><strong>dicentes</strong></span> <span class='ocrx_word' id='word_1_519' title='bbox 1218 3699 1249 3756; x_wconf 90' lang='lat' dir='ltr'><strong>iu</strong></span> <span class='ocrx_word' id='word_1_520' title='bbox 1276 3704 1463 3756; x_wconf 89' lang='lat' dir='ltr'><strong>sacramento</strong></span> <span class='ocrx_word' id='word_1_521' title='bbox 1486 3700 1590 3757; x_wconf 88' lang='lat' dir='ltr'><strong>altaris</strong></span> <span class='ocrx_word' id='word_1_522' title='bbox 1633 3718 1694 3758; x_wconf 89' lang='lat' dir='ltr'><strong>non</strong></span> <span class='ocrx_word' id='word_1_523' title='bbox 1722 3717 1790 3758; x_wconf 88' lang='lat' dir='ltr'><strong>esse</strong></span> <span class='ocrx_word' id='word_1_524' title='bbox 1819 3719 1882 3757; x_wconf 87' lang='lat' dir='ltr'><strong>cor·</strong></span> 
     </span>
     <span class='ocr_line' id='line_1_41' title="bbox 175 3787 1882 3865; baseline -0.001 -16"><span class='ocrx_word' id='word_1_525' title='bbox 175 3798 281 3865; x_wconf 88' lang='lat' dir='ltr'><strong>eportet</strong></span> <span class='ocrx_word' id='word_1_526' title='bbox 293 3791 369 3848; x_wconf 81' lang='lat' dir='ltr'><strong>verbi</strong></span> <span class='ocrx_word' id='word_1_527' title='bbox 379 3793 489 3847; x_wconf 89' lang='lat' dir='ltr'><strong>Domini</strong></span> <span class='ocrx_word' id='word_1_528' title='bbox 514 3791 589 3860; x_wconf 77' lang='lat' dir='ltr'><strong>lesu,</strong></span> <span class='ocrx_word' id='word_1_529' title='bbox 603 3790 733 3860; x_wconf 76' lang='lat' dir='ltr'><strong>quereiam</strong></span> <span class='ocrx_word' id='word_1_530' title='bbox 746 3787 819 3859; x_wconf 75' lang='grc'>(453)</span> <span class='ocrx_word' id='word_1_531' title='bbox 830 3789 888 3859; x_wconf 87' lang='lat' dir='ltr'><strong>ipse</strong></span> <span class='ocrx_word' id='word_1_532' title='bbox 904 3787 1001 3844; x_wconf 81' lang='lat' dir='ltr'><strong>dicit:</strong></span> <span class='ocrx_word' id='word_1_533' title='bbox 1057 3788 1137 3862; x_wconf 91' lang='lat' dir='ltr'><strong>poris</strong></span> <span class='ocrx_word' id='word_1_534' title='bbox 1150 3787 1258 3845; x_wconf 82' lang='lat' dir='ltr'><strong>Christi</strong></span> <span class='ocrx_word' id='word_1_535' title='bbox 1284 3794 1313 3846; x_wconf 90' lang='lat' dir='ltr'><strong>et</strong></span> <span class='ocrx_word' id='word_1_536' title='bbox 1339 3789 1493 3864; x_wconf 88' lang='lat' dir='ltr'><strong>sanguinis</strong></span> <span class='ocrx_word' id='word_1_537' title='bbox 1522 3789 1687 3861; x_wconf 88' lang='lat' dir='ltr'><strong>veritatem,</strong></span> <span class='ocrx_word' id='word_1_538' title='bbox 1709 3789 1764 3847; x_wconf 88' lang='lat' dir='ltr'><strong>sed</strong></span> <span class='ocrx_word' id='word_1_539' title='bbox 1778 3791 1882 3865; x_wconf 86' lang='lat' dir='ltr'><strong>imagi-</strong></span> 
     </span>
     <span class='ocr_line' id='line_1_42' title="bbox 175 3873 1881 3956; baseline 0.002 -21"><span class='ocrx_word' id='word_1_540' title='bbox 175 3882 336 3936; x_wconf 84' lang='lat' dir='ltr'><strong>Deetinsest</strong></span> <span class='ocrx_word' id='word_1_541' title='bbox 352 3879 526 3947; x_wconf 84' lang='lat' dir='ltr'><strong>mepisdere,</strong></span> <span class='ocrx_word' id='word_1_542' title='bbox 550 3894 634 3948; x_wconf 82' lang='lat' dir='ltr'><strong>pnnm</strong></span> <span class='ocrx_word' id='word_1_543' title='bbox 648 3879 771 3948; x_wconf 86' lang='lat' dir='ltr'><strong>accipere</strong></span> <span class='ocrx_word' id='word_1_544' title='bbox 785 3875 854 3948; x_wconf 89' lang='lat' dir='ltr'><strong>(Ait.</strong></span> <span class='ocrx_word' id='word_1_545' title='bbox 867 3892 916 3940; x_wconf 80' lang='lat' dir='ltr'><strong>xx,</strong></span> <span class='ocrx_word' id='word_1_546' title='bbox 931 3873 1001 3948; x_wconf 82' lang='lat'><strong>35);</strong></span> <span class='ocrx_word' id='word_1_547' title='bbox 1057 3895 1126 3936; x_wconf 86' lang='lat' dir='ltr'><strong>nem</strong></span> <span class='ocrx_word' id='word_1_548' title='bbox 1143 3883 1258 3936; x_wconf 91' lang='lat' dir='ltr'><strong>tantum</strong></span> <span class='ocrx_word' id='word_1_549' title='bbox 1274 3885 1303 3935; x_wconf 92' lang='lat' dir='ltr'><strong>et</strong></span> <span class='ocrx_word' id='word_1_550' title='bbox 1323 3881 1453 3954; x_wconf 88' lang='lat' dir='ltr'><strong>speeiem</strong></span> <span class='ocrx_word' id='word_1_551' title='bbox 1476 3886 1507 3938; x_wconf 87' lang='lat' dir='ltr'><strong>et</strong></span> <span class='ocrx_word' id='word_1_552' title='bbox 1535 3881 1739 3956; x_wconf 85' lang='lat' dir='ltr'><strong>liguram,pro</strong></span> <span class='ocrx_word' id='word_1_553' title='bbox 1755 3883 1881 3954; x_wconf 85' lang='lat' dir='ltr'><strong>eoquod</strong></span> 
     </span>
     <span class='ocr_line' id='line_1_43' title="bbox 173 3963 1880 4044; baseline 0.001 -20"><span class='ocrx_word' id='word_1_554' title='bbox 173 3969 229 4024; x_wconf 91' lang='lat' dir='ltr'><strong>hoc</strong></span> <span class='ocrx_word' id='word_1_555' title='bbox 253 3967 355 4023; x_wconf 91' lang='lat' dir='ltr'><strong>nullus</strong></span> <span class='ocrx_word' id='word_1_556' title='bbox 379 3972 509 4038; x_wconf 88' lang='lat' dir='ltr'><strong>quatuor</strong></span> <span class='ocrx_word' id='word_1_557' title='bbox 538 3965 791 4039; x_wconf 85' lang='lat' dir='ltr'><strong>Evangelistarum</strong></span> <span class='ocrx_word' id='word_1_558' title='bbox 821 3963 1000 4036; x_wconf 89' lang='lat' dir='ltr'><strong>descripsit.</strong></span> <span class='ocrx_word' id='word_1_559' title='bbox 1057 3967 1206 4024; x_wconf 87' lang='lat' dir='ltr'><strong>interdum</strong></span> <span class='ocrx_word' id='word_1_560' title='bbox 1223 3968 1781 4044; x_wconf 87' lang='lat' dir='ltr'><strong>Scripturacommemoret,idquodin</strong></span> <span class='ocrx_word' id='word_1_561' title='bbox 1798 3971 1880 4028; x_wconf 84' lang='lat' dir='ltr'><strong>altari</strong></span> 
     </span>
     <span class='ocr_line' id='line_1_44' title="bbox 174 4052 1881 4132; baseline 0.001 -18"><span class='ocrx_word' id='word_1_562' title='bbox 174 4057 277 4114; x_wconf 84' lang='lat' dir='ltr'><strong>Nullus</strong></span> <span class='ocrx_word' id='word_1_563' title='bbox 293 4055 382 4112; x_wconf 88' lang='lat' dir='ltr'><strong>etiam</strong></span> <span class='ocrx_word' id='word_1_564' title='bbox 398 4054 572 4112; x_wconf 87' lang='lat' dir='ltr'><strong>eorumdem</strong></span> <span class='ocrx_word' id='word_1_565' title='bbox 588 4054 734 4128; x_wconf 88' lang='lat' dir='ltr'><strong>expressit</strong></span> <span class='ocrx_word' id='word_1_566' title='bbox 747 4053 826 4126; x_wconf 86' lang='lat' dir='ltr'><strong>quod</strong></span> <span class='ocrx_word' id='word_1_567' title='bbox 841 4053 950 4109; x_wconf 89' lang='lat' dir='ltr'><strong>Paulus</strong></span> <span class='ocrx_word' id='word_1_568' title='bbox 965 4052 1002 4108; x_wconf 92' lang='lat' dir='ltr'><strong>de</strong></span> <span class='ocrx_word' id='word_1_569' title='bbox 1057 4057 1218 4130; x_wconf 88' lang='lat' dir='ltr'><strong>suscipitur</strong></span> <span class='ocrx_word' id='word_1_570' title='bbox 1242 4075 1306 4114; x_wconf 85' lang='lat' dir='ltr'><strong>esse</strong></span> <span class='ocrx_word' id='word_1_571' title='bbox 1345 4064 1564 4116; x_wconf 88' lang='lat' dir='ltr'><strong>sacramentum</strong></span> <span class='ocrx_word' id='word_1_572' title='bbox 1599 4064 1629 4115; x_wconf 91' lang='lat' dir='ltr'><strong>et</strong></span> <span class='ocrx_word' id='word_1_573' title='bbox 1660 4060 1822 4132; x_wconf 82' lang='lat' dir='ltr'><strong>myterium</strong></span> <span class='ocrx_word' id='word_1_574' title='bbox 1853 4067 1881 4115; x_wconf 88' lang='lat' dir='ltr'><strong>et</strong></span> 
     </span>
     <span class='ocr_line' id='line_1_45' title="bbox 171 4143 1881 4222; baseline 0.001 -19"><span class='ocrx_word' id='word_1_575' title='bbox 171 4146 310 4216; x_wconf 91' lang='lat' dir='ltr'><strong>Christo,</strong></span> <span class='ocrx_word' id='word_1_576' title='bbox 330 4144 368 4202; x_wconf 89' lang='lat' dir='ltr'><strong>ad</strong></span> <span class='ocrx_word' id='word_1_577' title='bbox 394 4145 562 4200; x_wconf 88' lang='lat' dir='ltr'><strong>Corinthios</strong></span> <span class='ocrx_word' id='word_1_578' title='bbox 592 4143 737 4213; x_wconf 88' lang='lat' dir='ltr'><strong>scribens,</strong></span> <span class='ocrx_word' id='word_1_579' title='bbox 761 4143 803 4200; x_wconf 90' lang='lat' dir='ltr'><strong>eit</strong></span> <span class='ocrx_word' id='word_1_580' title='bbox 828 4159 835 4198; x_wconf 95' lang='lat'>:</span> <span class='ocrx_word' id='word_1_581' title='bbox 864 4143 944 4198; x_wconf 83' lang='lat' dir='ltr'><strong>Visus</strong></span> <span class='ocrx_word' id='word_1_582' title='bbox 965 4158 1004 4208; x_wconf 77' lang='lat' dir='ltr'><strong>ese</strong></span> <span class='ocrx_word' id='word_1_583' title='bbox 1058 4146 1235 4219; x_wconf 83' lang='lat' dir='ltr'><strong>exemplum.</strong></span> <span class='ocrx_word' id='word_1_584' title='bbox 1249 4147 1305 4204; x_wconf 90' lang='lat' dir='ltr'><strong>Sed</strong></span> <span class='ocrx_word' id='word_1_585' title='bbox 1316 4147 1390 4206; x_wconf 87' lang='lat' dir='ltr'><strong>tales</strong></span> <span class='ocrx_word' id='word_1_586' title='bbox 1405 4165 1440 4204; x_wconf 90' lang='lat' dir='ltr'><strong>ex</strong></span> <span class='ocrx_word' id='word_1_587' title='bbox 1456 4165 1490 4205; x_wconf 89' lang='lat' dir='ltr'><strong>eo</strong></span> <span class='ocrx_word' id='word_1_588' title='bbox 1507 4149 1647 4222; x_wconf 88' lang='lat' dir='ltr'><strong>laqueum</strong></span> <span class='ocrx_word' id='word_1_589' title='bbox 1659 4149 1771 4206; x_wconf 86' lang='lat' dir='ltr'><strong>erroris</strong></span> <span class='ocrx_word' id='word_1_590' title='bbox 1788 4150 1881 4206; x_wconf 89' lang='lat' dir='ltr'><strong>incur·</strong></span> 
     </span>
     <span class='ocr_line' id='line_1_46' title="bbox 169 4205 1942 4310; baseline 0 -16"><span class='ocrx_word' id='word_1_591' title='bbox 169 4238 235 4309; x_wconf 84' lang='lat' dir='ltr'><strong>ples</strong></span> <span class='ocrx_word' id='word_1_592' title='bbox 249 4253 331 4309; x_wconf 79' lang='lat' dir='ltr'><strong>paam</strong></span> <span class='ocrx_word' id='word_1_593' title='bbox 358 4236 515 4308; x_wconf 80' lang='lat' dir='ltr'><strong>quingentis</strong></span> <span class='ocrx_word' id='word_1_594' title='bbox 539 4233 677 4306; x_wconf 71' lang='lat' dir='ltr'><strong>tratribus</strong></span> <span class='ocrx_word' id='word_1_595' title='bbox 697 4234 789 4305; x_wconf 83' lang='lat' dir='ltr'><strong>simet,</strong></span> <span class='ocrx_word' id='word_1_596' title='bbox 819 4233 916 4290; x_wconf 84' lang='lat' dir='ltr'><strong>deinde</strong></span> <span class='ocrx_word' id='word_1_597' title='bbox 930 4235 1003 4290; x_wconf 83' lang='lat' dir='ltr'><strong>uisus</strong></span> <span class='ocrx_word' id='word_1_598' title='bbox 1057 4239 1137 4304; x_wconf 91' lang='lat' dir='ltr'><strong>runt,</strong></span> <span class='ocrx_word' id='word_1_599' title='bbox 1153 4233 1232 4308; x_wconf 88' lang='lat' dir='ltr'><strong>quod</strong></span> <span class='ocrx_word' id='word_1_600' title='bbox 1247 4252 1303 4292; x_wconf 89' lang='lat' dir='ltr'><strong>nee</strong></span> <span class='ocrx_word' id='word_1_601' title='bbox 1331 4237 1522 4294; x_wconf 87' lang='lat' dir='ltr'><strong>auctoritates</strong></span> <span class='ocrx_word' id='word_1_602' title='bbox 1537 4237 1694 4310; x_wconf 70' lang='lat' dir='ltr'><strong>Scripturas</strong></span> <span class='ocrx_word' id='word_1_603' title='bbox 1709 4239 1882 4295; x_wconf 87' lang='lat' dir='ltr'><strong>convenien-</strong></span> <span class='ocrx_word' id='word_1_604' title='bbox 1941 4205 1942 4278; x_wconf 51' lang='lat' dir='ltr'><strong>l</strong></span> 
     </span>
     <span class='ocr_line' id='line_1_47' title="bbox 172 4303 1942 4402; baseline 0.002 -21"><span class='ocrx_word' id='word_1_605' title='bbox 172 4333 250 4384; x_wconf 87' lang='lat' dir='ltr'><strong>estet</strong></span> <span class='ocrx_word' id='word_1_606' title='bbox 277 4327 384 4395; x_wconf 81' lang='lat' dir='ltr'><strong>lacob3</strong></span> <span class='ocrx_word' id='word_1_607' title='bbox 415 4327 558 4382; x_wconf 72' lang='lat' dir='ltr'><strong>noemsime</strong></span> <span class='ocrx_word' id='word_1_608' title='bbox 583 4329 684 4392; x_wconf 84' lang='lat' dir='ltr'><strong>netem,</strong></span> <span class='ocrx_word' id='word_1_609' title='bbox 708 4329 839 4395; x_wconf 84' lang='lat' dir='ltr'><strong>tenpenm</strong></span> <span class='ocrx_word' id='word_1_610' title='bbox 866 4323 999 4392; x_wconf 81' lang='lat' dir='ltr'><strong>abortivo,</strong></span> <span class='ocrx_word' id='word_1_611' title='bbox 1057 4330 1103 4382; x_wconf 90' lang='lat' dir='ltr'><strong>ter</strong></span> <span class='ocrx_word' id='word_1_612' title='bbox 1118 4323 1288 4399; x_wconf 89' lang='lat' dir='ltr'><strong>intelligunt</strong></span> <span class='ocrx_word' id='word_1_613' title='bbox 1302 4342 1357 4382; x_wconf 88' lang='lat' dir='ltr'><strong>nee</strong></span> <span class='ocrx_word' id='word_1_614' title='bbox 1386 4333 1573 4384; x_wconf 87' lang='lat' dir='ltr'><strong>sacramente</strong></span> <span class='ocrx_word' id='word_1_615' title='bbox 1586 4326 1638 4384; x_wconf 91' lang='lat' dir='ltr'><strong>Dei</strong></span> <span class='ocrx_word' id='word_1_616' title='bbox 1655 4327 1826 4402; x_wconf 86' lang='lat' dir='ltr'><strong>suscipiunt</strong></span> <span class='ocrx_word' id='word_1_617' title='bbox 1838 4345 1882 4384; x_wconf 89' lang='lat' dir='ltr'><strong>re·</strong></span> <span class='ocrx_word' id='word_1_618' title='bbox 1941 4303 1942 4352; x_wconf 51' lang='lat'><strong>³</strong></span> 
     </span>
     <span class='ocr_line' id='line_1_48' title="bbox 172 4413 1942 4492; baseline 0.001 -20"><span class='ocrx_word' id='word_1_619' title='bbox 172 4419 244 4472; x_wconf 84' lang='lat' dir='ltr'><strong>visus</strong></span> <span class='ocrx_word' id='word_1_620' title='bbox 256 4421 295 4472; x_wconf 89' lang='lat' dir='ltr'><strong>est</strong></span> <span class='ocrx_word' id='word_1_621' title='bbox 309 4423 334 4472; x_wconf 93' lang='lat' dir='ltr'><strong>et</strong></span> <span class='ocrx_word' id='word_1_622' title='bbox 349 4415 418 4472; x_wconf 80' lang='lat' dir='ltr'><strong>milri</strong></span> <span class='ocrx_word' id='word_1_623' title='bbox 432 4415 459 4489; x_wconf 84' lang='grc' dir='ltr'><strong>(Ι</strong></span> <span class='ocrx_word' id='word_1_624' title='bbox 469 4416 530 4474; x_wconf 84' lang='lat' dir='ltr'><strong>Gor.</strong></span> <span class='ocrx_word' id='word_1_625' title='bbox 555 4431 600 4470; x_wconf 85' lang='lat' dir='ltr'><strong>xv.</strong></span> <span class='ocrx_word' id='word_1_626' title='bbox 617 4416 655 4484; x_wconf 84' lang='lat' dir='ltr'><strong>e).</strong></span> <span class='ocrx_word' id='word_1_627' title='bbox 683 4413 743 4486; x_wconf 89' lang='lat' dir='ltr'><strong>Ipsi</strong></span> <span class='ocrx_word' id='word_1_628' title='bbox 771 4413 861 4469; x_wconf 88' lang='lat' dir='ltr'><strong>etiam</strong></span> <span class='ocrx_word' id='word_1_629' title='bbox 876 4427 1000 4486; x_wconf 87' lang='lat' dir='ltr'><strong>evange·</strong></span> <span class='ocrx_word' id='word_1_630' title='bbox 1015 4423 1042 4492; x_wconf 82' lang='lat' dir='ltr'><strong>D</strong></span> <span class='ocrx_word' id='word_1_631' title='bbox 1056 4415 1371 4488; x_wconf 85' lang='lat' dir='ltr'><strong>verenter,Scriptures</strong></span> <span class='ocrx_word' id='word_1_632' title='bbox 1387 4418 1617 4476; x_wconf 88' lang='lat' dir='ltr'><strong>etvirtntemDei</strong></span> <span class='ocrx_word' id='word_1_633' title='bbox 1629 4419 1884 4492; x_wconf 83' lang='lat' dir='ltr'><strong>pariteruescirn·</strong></span> <span class='ocrx_word' id='word_1_634' title='bbox 1941 4415 1942 4422; x_wconf 74' lang='grc'>’</span> 
     </span>
     <span class='ocr_line' id='line_1_49' title="bbox 171 4501 1883 4580; baseline 0.002 -22"><span class='ocrx_word' id='word_1_635' title='bbox 171 4503 249 4562; x_wconf 86' lang='lat' dir='ltr'><strong>listee</strong></span> <span class='ocrx_word' id='word_1_636' title='bbox 260 4504 339 4562; x_wconf 89' lang='lat' dir='ltr'><strong>inter</strong></span> <span class='ocrx_word' id='word_1_637' title='bbox 353 4522 384 4561; x_wconf 91' lang='lat' dir='ltr'><strong>se</strong></span> <span class='ocrx_word' id='word_1_638' title='bbox 396 4511 500 4561; x_wconf 90' lang='lat' dir='ltr'><strong>mutuo</strong></span> <span class='ocrx_word' id='word_1_639' title='bbox 516 4503 697 4578; x_wconf 87' lang='lat' dir='ltr'><strong>supplevisse</strong></span> <span class='ocrx_word' id='word_1_640' title='bbox 716 4502 865 4576; x_wconf 87' lang='lat' dir='ltr'><strong>leguntur,</strong></span> <span class='ocrx_word' id='word_1_641' title='bbox 882 4519 948 4575; x_wconf 75' lang='lat' dir='ltr'><strong>quar</strong></span> <span class='ocrx_word' id='word_1_642' title='bbox 962 4501 998 4557; x_wconf 92' lang='lat' dir='ltr'><strong>ab</strong></span> <span class='ocrx_word' id='word_1_643' title='bbox 1057 4504 1144 4563; x_wconf 72' lang='lat' dir='ltr'><strong>tesbi</strong></span> <span class='ocrx_word' id='word_1_644' title='bbox 1160 4503 1240 4562; x_wconf 89' lang='lat' dir='ltr'><strong>enim</strong></span> <span class='ocrx_word' id='word_1_645' title='bbox 1254 4502 1410 4576; x_wconf 88' lang='lat' dir='ltr'><strong>ideo,quia</strong></span> <span class='ocrx_word' id='word_1_646' title='bbox 1425 4505 1520 4580; x_wconf 89' lang='lat' dir='ltr'><strong>ligura</strong></span> <span class='ocrx_word' id='word_1_647' title='bbox 1535 4511 1590 4577; x_wconf 89' lang='lat' dir='ltr'><strong>est,</strong></span> <span class='ocrx_word' id='word_1_648' title='bbox 1606 4513 1830 4564; x_wconf 85' lang='lat' dir='ltr'><strong>sacramentum</strong></span> <span class='ocrx_word' id='word_1_649' title='bbox 1840 4508 1883 4564; x_wconf 83' lang='lat' dir='ltr'><strong>al·</strong></span> 
     </span>
     <span class='ocr_line' id='line_1_50' title="bbox 172 4590 1879 4670; baseline 0.002 -20"><span class='ocrx_word' id='word_1_650' title='bbox 172 4610 276 4650; x_wconf 87' lang='lat' dir='ltr'><strong>eorum</strong></span> <span class='ocrx_word' id='word_1_651' title='bbox 292 4594 391 4666; x_wconf 88' lang='lat' dir='ltr'><strong>aliquo</strong></span> <span class='ocrx_word' id='word_1_652' title='bbox 402 4595 448 4652; x_wconf 90' lang='lat' dir='ltr'><strong>vel</strong></span> <span class='ocrx_word' id='word_1_653' title='bbox 462 4593 612 4667; x_wconf 87' lang='lat' dir='ltr'><strong>aliquibus</strong></span> <span class='ocrx_word' id='word_1_654' title='bbox 623 4590 920 4663; x_wconf 89' lang='lat' dir='ltr'><strong>suntomissa.Unde,</strong></span> <span class='ocrx_word' id='word_1_655' title='bbox 932 4607 1000 4648; x_wconf 91' lang='lat' dir='ltr'><strong>cum</strong></span> <span class='ocrx_word' id='word_1_656' title='bbox 1055 4593 1127 4649; x_wconf 88' lang='lat' dir='ltr'><strong>teris</strong></span> <span class='ocrx_word' id='word_1_657' title='bbox 1139 4591 1246 4649; x_wconf 90' lang='lat' dir='ltr'><strong>veritas</strong></span> <span class='ocrx_word' id='word_1_658' title='bbox 1260 4609 1325 4650; x_wconf 88' lang='lat' dir='ltr'><strong>esse</strong></span> <span class='ocrx_word' id='word_1_659' title='bbox 1341 4600 1477 4668; x_wconf 89' lang='lat' dir='ltr'><strong>negatur,</strong></span> <span class='ocrx_word' id='word_1_660' title='bbox 1494 4611 1562 4670; x_wconf 90' lang='lat' dir='ltr'><strong>ergo</strong></span> <span class='ocrx_word' id='word_1_661' title='bbox 1579 4612 1635 4652; x_wconf 87' lang='lat' dir='ltr'><strong>uec</strong></span> <span class='ocrx_word' id='word_1_662' title='bbox 1654 4613 1736 4653; x_wconf 91' lang='lat' dir='ltr'><strong>mors</strong></span> <span class='ocrx_word' id='word_1_663' title='bbox 1760 4613 1818 4653; x_wconf 87' lang='lat' dir='ltr'><strong>nec</strong></span> <span class='ocrx_word' id='word_1_664' title='bbox 1836 4615 1879 4654; x_wconf 83' lang='lat' dir='ltr'><strong>re·</strong></span> 
     </span>
     <span class='ocr_line' id='line_1_51' title="bbox 169 4679 1884 4758; baseline 0.003 -20"><span class='ocrx_word' id='word_1_665' title='bbox 169 4682 433 4756; x_wconf 79' lang='lat' dir='ltr'><strong>tresevangelistm</strong></span> <span class='ocrx_word' id='word_1_666' title='bbox 462 4682 640 4756; x_wconf 86' lang='lat' dir='ltr'><strong>posuerint:</strong></span> <span class='ocrx_word' id='word_1_667' title='bbox 666 4685 723 4740; x_wconf 84' lang='lat' dir='ltr'><strong>Hoc</strong></span> <span class='ocrx_word' id='word_1_668' title='bbox 752 4689 1000 4753; x_wconf 85' lang='lat' dir='ltr'><strong>estempnsmeum</strong></span> <span class='ocrx_word' id='word_1_669' title='bbox 1056 4681 1200 4739; x_wconf 88' lang='lat' dir='ltr'><strong>surrectio</strong></span> <span class='ocrx_word' id='word_1_670' title='bbox 1214 4679 1333 4751; x_wconf 92' lang='lat' dir='ltr'><strong>Christi,</strong></span> <span class='ocrx_word' id='word_1_671' title='bbox 1349 4699 1418 4740; x_wconf 90' lang='lat' dir='ltr'><strong>cum</strong></span> <span class='ocrx_word' id='word_1_672' title='bbox 1435 4685 1529 4758; x_wconf 83' lang='lat' dir='ltr'><strong>figura</strong></span> <span class='ocrx_word' id='word_1_673' title='bbox 1545 4685 1593 4754; x_wconf 90' lang='lat' dir='ltr'><strong>sit,</strong></span> <span class='ocrx_word' id='word_1_674' title='bbox 1622 4686 1731 4742; x_wconf 88' lang='lat' dir='ltr'><strong>veritas</strong></span> <span class='ocrx_word' id='word_1_675' title='bbox 1760 4691 1884 4744; x_wconf 85' lang='lat' dir='ltr'><strong>estere-</strong></span> 
     </span>
     <span class='ocr_line' id='line_1_52' title="bbox 172 4769 1882 4843; baseline -0.002 -8"><span class='ocrx_word' id='word_1_676' title='bbox 172 4773 280 4835; x_wconf 76' lang='lat' dir='ltr'><strong>(tratti.</strong></span> <span class='ocrx_word' id='word_1_677' title='bbox 301 4776 415 4840; x_wconf 81' lang='lat' dir='ltr'><strong>xxv1,27</strong></span> <span class='ocrx_word' id='word_1_678' title='bbox 433 4790 440 4840; x_wconf 90' lang='lat'><strong>;</strong></span> <span class='ocrx_word' id='word_1_679' title='bbox 455 4775 542 4829; x_wconf 82' lang='lat' dir='ltr'><strong>Marc.</strong></span> <span class='ocrx_word' id='word_1_680' title='bbox 552 4791 607 4828; x_wconf 82' lang='lat' dir='ltr'><strong>xvv.</strong></span> <span class='ocrx_word' id='word_1_681' title='bbox 624 4775 676 4841; x_wconf 75' lang='lat'><strong>223</strong></span> <span class='ocrx_word' id='word_1_682' title='bbox 692 4775 758 4828; x_wconf 81' lang='lat' dir='ltr'><strong>Luc.</strong></span> <span class='ocrx_word' id='word_1_683' title='bbox 775 4769 890 4843; x_wconf 63' lang='lat' dir='ltr'><strong>arsatii)</strong></span> <span class='ocrx_word' id='word_1_684' title='bbox 901 4787 908 4839; x_wconf 91' lang='lat'>;</span> <span class='ocrx_word' id='word_1_685' title='bbox 919 4770 1000 4826; x_wconf 89' lang='lat' dir='ltr'><strong>solus</strong></span> <span class='ocrx_word' id='word_1_686' title='bbox 1055 4769 1318 4843; x_wconf 76' lang='lat' dir='ltr'><strong>tendastquidem</strong></span> <span class='ocrx_word' id='word_1_687' title='bbox 1333 4778 1460 4832; x_wconf 90' lang='lat' dir='ltr'><strong>mortem</strong></span> <span class='ocrx_word' id='word_1_688' title='bbox 1474 4777 1763 4834; x_wconf 86' lang='lat' dir='ltr'><strong>etresurrectionem</strong></span> <span class='ocrx_word' id='word_1_689' title='bbox 1775 4778 1882 4834; x_wconf 82' lang='lat' dir='ltr'><strong>Christi</strong></span> 
     </span>
     <span class='ocr_line' id='line_1_53' title="bbox 173 4857 1884 4939; baseline 0.002 -22"><span class='ocrx_word' id='word_1_690' title='bbox 173 4860 266 4918; x_wconf 89' lang='lat' dir='ltr'><strong>Lucas</strong></span> <span class='ocrx_word' id='word_1_691' title='bbox 283 4859 404 4935; x_wconf 86' lang='lat' dir='ltr'><strong>adjecit,</strong></span> <span class='ocrx_word' id='word_1_692' title='bbox 416 4863 490 4934; x_wconf 81' lang='lat' dir='ltr'><strong>qued</strong></span> <span class='ocrx_word' id='word_1_693' title='bbox 497 4879 552 4933; x_wconf 91' lang='lat' dir='ltr'><strong>pro</strong></span> <span class='ocrx_word' id='word_1_694' title='bbox 573 4861 648 4917; x_wconf 82' lang='lat' dir='ltr'><strong>cobis</strong></span> <span class='ocrx_word' id='word_1_695' title='bbox 660 4861 784 4917; x_wconf 77' lang='lat' dir='ltr'><strong>tradetur·</strong></span> <span class='ocrx_word' id='word_1_696' title='bbox 795 4861 869 4930; x_wconf 79' lang='lat' dir='ltr'><strong>thee.</strong></span> <span class='ocrx_word' id='word_1_697' title='bbox 886 4861 930 4926; x_wconf 91' lang='grc'><strong>22,</strong></span> <span class='ocrx_word' id='word_1_698' title='bbox 944 4857 1000 4932; x_wconf 78' lang='lat' dir='ltr'><strong>AD),</strong></span> <span class='ocrx_word' id='word_1_699' title='bbox 1056 4859 1284 4920; x_wconf 87' lang='lat' dir='ltr'><strong>similitudinem</strong></span> <span class='ocrx_word' id='word_1_700' title='bbox 1299 4867 1328 4917; x_wconf 92' lang='lat' dir='ltr'><strong>ct</strong></span> <span class='ocrx_word' id='word_1_701' title='bbox 1342 4861 1504 4938; x_wconf 87' lang='lat' dir='ltr'><strong>imaginem</strong></span> <span class='ocrx_word' id='word_1_702' title='bbox 1526 4881 1590 4922; x_wconf 88' lang='lat' dir='ltr'><strong>esse</strong></span> <span class='ocrx_word' id='word_1_703' title='bbox 1612 4865 1773 4939; x_wconf 84' lang='lat' dir='ltr'><strong>Apostolus</strong></span> <span class='ocrx_word' id='word_1_704' title='bbox 1788 4867 1884 4924; x_wconf 88' lang='lat' dir='ltr'><strong>mani-</strong></span> 
     </span>
     <span class='ocr_line' id='line_1_54' title="bbox 174 4949 1884 5028; baseline 0.004 -21"><span class='ocrx_word' id='word_1_705' title='bbox 174 4952 291 5008; x_wconf 84' lang='lat' dir='ltr'><strong>Etcum</strong></span> <span class='ocrx_word' id='word_1_706' title='bbox 317 4951 471 5008; x_wconf 75' lang='lat' dir='ltr'><strong>Matthaeus</strong></span> <span class='ocrx_word' id='word_1_707' title='bbox 497 4954 527 5006; x_wconf 90' lang='lat' dir='ltr'><strong>et</strong></span> <span class='ocrx_word' id='word_1_708' title='bbox 552 4949 666 5006; x_wconf 82' lang='lat' dir='ltr'><strong>Marcus</strong></span> <span class='ocrx_word' id='word_1_709' title='bbox 694 4949 818 5006; x_wconf 90' lang='lat' dir='ltr'><strong>dicant:</strong></span> <span class='ocrx_word' id='word_1_710' title='bbox 840 4949 1002 5022; x_wconf 74' lang='lat' dir='ltr'><strong>promeritis</strong></span> <span class='ocrx_word' id='word_1_711' title='bbox 1054 4951 1306 5020; x_wconf 71' lang='lat' dir='ltr'><strong>testamen-istus,</strong></span> <span class='ocrx_word' id='word_1_712' title='bbox 1323 4951 1474 5026; x_wconf 90' lang='lat' dir='ltr'><strong>inquiens,</strong></span> <span class='ocrx_word' id='word_1_713' title='bbox 1499 4961 1621 5012; x_wconf 80' lang='lat' dir='ltr'><strong>mortuns</strong></span> <span class='ocrx_word' id='word_1_714' title='bbox 1644 4961 1683 5012; x_wconf 88' lang='lat' dir='ltr'><strong>est</strong></span> <span class='ocrx_word' id='word_1_715' title='bbox 1704 4973 1760 5028; x_wconf 84' lang='lat' dir='ltr'><strong>pro</strong></span> <span class='ocrx_word' id='word_1_716' title='bbox 1781 4959 1884 5014; x_wconf 84' lang='lat' dir='ltr'><strong>dilictis</strong></span> 
     </span>
     <span class='ocr_line' id='line_1_55' title="bbox 172 5037 1884 5116; baseline 0.004 -20"><span class='ocrx_word' id='word_1_717' title='bbox 172 5040 281 5112; x_wconf 76' lang='lat' dir='ltr'><strong>(Metti.</strong></span> <span class='ocrx_word' id='word_1_718' title='bbox 298 5057 373 5111; x_wconf 87' lang='lat' dir='ltr'><strong>xxvv,</strong></span> <span class='ocrx_word' id='word_1_719' title='bbox 385 5041 420 5096; x_wconf 86' lang='grc'><strong>28</strong></span> <span class='ocrx_word' id='word_1_720' title='bbox 436 5058 443 5110; x_wconf 86' lang='grc'><strong>;</strong></span> <span class='ocrx_word' id='word_1_721' title='bbox 468 5043 556 5098; x_wconf 83' lang='lat' dir='ltr'><strong>ltere.</strong></span> <span class='ocrx_word' id='word_1_722' title='bbox 571 5055 629 5108; x_wconf 85' lang='lat' dir='ltr'><strong>xrv,</strong></span> <span class='ocrx_word' id='word_1_723' title='bbox 645 5041 701 5112; x_wconf 77' lang='lat' dir='ltr'><strong>at),</strong></span> <span class='ocrx_word' id='word_1_724' title='bbox 717 5039 810 5096; x_wconf 84' lang='lat' dir='ltr'><strong>Lucas</strong></span> <span class='ocrx_word' id='word_1_725' title='bbox 838 5037 910 5094; x_wconf 90' lang='lat' dir='ltr'><strong>dicit</strong></span> <span class='ocrx_word' id='word_1_726' title='bbox 929 5056 935 5094; x_wconf 96' lang='lat'><strong>:</strong></span> <span class='ocrx_word' id='word_1_727' title='bbox 947 5054 1002 5110; x_wconf 80' lang='lat' dir='ltr'><strong>pro</strong></span> <span class='ocrx_word' id='word_1_728' title='bbox 1055 5042 1165 5109; x_wconf 80' lang='lat' dir='ltr'><strong>nostris,</strong></span> <span class='ocrx_word' id='word_1_729' title='bbox 1180 5045 1206 5096; x_wconf 91' lang='lat' dir='ltr'><strong>et</strong></span> <span class='ocrx_word' id='word_1_730' title='bbox 1220 5043 1372 5100; x_wconf 79' lang='lat' dir='ltr'><strong>resumeait</strong></span> <span class='ocrx_word' id='word_1_731' title='bbox 1387 5049 1504 5116; x_wconf 78' lang='lat' dir='ltr'><strong>propter·</strong></span> <span class='ocrx_word' id='word_1_732' title='bbox 1517 5045 1745 5116; x_wconf 67' lang='lat' dir='ltr'><strong>justificationem</strong></span> <span class='ocrx_word' id='word_1_733' title='bbox 1764 5055 1884 5104; x_wconf 77' lang='lat' dir='ltr'><strong>noemma</strong></span> 
     </span>
     <span class='ocr_line' id='line_1_56' title="bbox 174 5128 1886 5208; baseline 0.004 -23"><span class='ocrx_word' id='word_1_734' title='bbox 174 5131 249 5186; x_wconf 81' lang='lat' dir='ltr'><strong>tubis</strong></span> <span class='ocrx_word' id='word_1_735' title='bbox 271 5130 347 5204; x_wconf 83' lang='lat' dir='ltr'><strong>(Luc.</strong></span> <span class='ocrx_word' id='word_1_736' title='bbox 376 5129 463 5202; x_wconf 83' lang='lat' dir='ltr'><strong>xrx);</strong></span> <span class='ocrx_word' id='word_1_737' title='bbox 493 5128 646 5186; x_wconf 79' lang='lat' dir='ltr'><strong>hiatthaeus</strong></span> <span class='ocrx_word' id='word_1_738' title='bbox 672 5133 783 5199; x_wconf 88' lang='lat' dir='ltr'><strong>autem,</strong></span> <span class='ocrx_word' id='word_1_739' title='bbox 811 5129 842 5184; x_wconf 90' lang='lat' dir='ltr'><strong>in</strong></span> <span class='ocrx_word' id='word_1_740' title='bbox 867 5129 1002 5184; x_wconf 85' lang='lat' dir='ltr'><strong>remissio-</strong></span> <span class='ocrx_word' id='word_1_741' title='bbox 1057 5132 1143 5204; x_wconf 86' lang='lat' dir='ltr'><strong>(Dom.</strong></span> <span class='ocrx_word' id='word_1_742' title='bbox 1159 5145 1196 5198; x_wconf 92' lang='lat' dir='ltr'><strong>1v,</strong></span> <span class='ocrx_word' id='word_1_743' title='bbox 1217 5129 1274 5202; x_wconf 76' lang='grc'><strong>23).</strong></span> <span class='ocrx_word' id='word_1_744' title='bbox 1294 5131 1504 5203; x_wconf 89' lang='lat' dir='ltr'><strong>Apostolorum</strong></span> <span class='ocrx_word' id='word_1_745' title='bbox 1520 5133 1610 5190; x_wconf 89' lang='lat' dir='ltr'><strong>etiam</strong></span> <span class='ocrx_word' id='word_1_746' title='bbox 1627 5133 1771 5208; x_wconf 89' lang='lat' dir='ltr'><strong>Princeps</strong></span> <span class='ocrx_word' id='word_1_747' title='bbox 1782 5137 1886 5194; x_wconf 83' lang='lat' dir='ltr'><strong>Petrus</strong></span> 
     </span>
     <span class='ocr_line' id='line_1_57' title="bbox 175 5215 1886 5298; baseline 0.003 -23"><span class='ocrx_word' id='word_1_748' title='bbox 175 5236 235 5275; x_wconf 88' lang='lat' dir='ltr'><strong>nem</strong></span> <span class='ocrx_word' id='word_1_749' title='bbox 243 5226 430 5292; x_wconf 85' lang='lat' dir='ltr'><strong>peccatorum,</strong></span> <span class='ocrx_word' id='word_1_750' title='bbox 441 5217 586 5292; x_wconf 90' lang='lat' dir='ltr'><strong>adjungit.</strong></span> <span class='ocrx_word' id='word_1_751' title='bbox 603 5217 870 5290; x_wconf 74' lang='lat' dir='ltr'><strong>oeterorumque</strong></span> <span class='ocrx_word' id='word_1_752' title='bbox 885 5215 1002 5273; x_wconf 91' lang='lat' dir='ltr'><strong>addun-</strong></span> <span class='ocrx_word' id='word_1_753' title='bbox 1057 5219 1099 5276; x_wconf 88' lang='lat' dir='ltr'><strong>sio</strong></span> <span class='ocrx_word' id='word_1_754' title='bbox 1115 5219 1146 5275; x_wconf 92' lang='lat' dir='ltr'><strong>iu</strong></span> <span class='ocrx_word' id='word_1_755' title='bbox 1161 5217 1287 5290; x_wconf 89' lang='lat' dir='ltr'><strong>epistola</strong></span> <span class='ocrx_word' id='word_1_756' title='bbox 1302 5234 1356 5276; x_wconf 88' lang='lat' dir='ltr'><strong>sua</strong></span> <span class='ocrx_word' id='word_1_757' title='bbox 1379 5221 1504 5278; x_wconf 88' lang='lat' dir='ltr'><strong>scribit:</strong></span> <span class='ocrx_word' id='word_1_758' title='bbox 1521 5221 1642 5280; x_wconf 83' lang='lat' dir='ltr'><strong>Christus</strong></span> <span class='ocrx_word' id='word_1_759' title='bbox 1660 5239 1760 5295; x_wconf 84' lang='lat' dir='ltr'><strong>pessus</strong></span> <span class='ocrx_word' id='word_1_760' title='bbox 1784 5232 1824 5282; x_wconf 84' lang='lat' dir='ltr'><strong>est</strong></span> <span class='ocrx_word' id='word_1_761' title='bbox 1836 5241 1886 5298; x_wconf 85' lang='lat' dir='ltr'><strong>pro</strong></span> 
     </span>
     <span class='ocr_line' id='line_1_58' title="bbox 176 5306 1886 5384; baseline 0.005 -22"><span class='ocrx_word' id='word_1_762' title='bbox 176 5309 269 5364; x_wconf 87' lang='lat' dir='ltr'><strong>turin</strong></span> <span class='ocrx_word' id='word_1_763' title='bbox 285 5306 770 5381; x_wconf 82' lang='lat' dir='ltr'><strong>canonemisseepossuntexaliis</strong></span> <span class='ocrx_word' id='word_1_764' title='bbox 786 5306 859 5363; x_wconf 87' lang='lat' dir='ltr'><strong>locis</strong></span> <span class='ocrx_word' id='word_1_765' title='bbox 874 5307 1004 5381; x_wconf 81' lang='lat' dir='ltr'><strong>Evaugc-</strong></span> <span class='ocrx_word' id='word_1_766' title='bbox 1056 5309 1144 5377; x_wconf 85' lang='lat' dir='ltr'><strong>nobis,</strong></span> <span class='ocrx_word' id='word_1_767' title='bbox 1158 5307 1233 5364; x_wconf 86' lang='lat' dir='ltr'><strong>ochis</strong></span> <span class='ocrx_word' id='word_1_768' title='bbox 1247 5307 1404 5380; x_wconf 80' lang='lat' dir='ltr'><strong>relinquens</strong></span> <span class='ocrx_word' id='word_1_769' title='bbox 1417 5310 1571 5383; x_wconf 77' lang='lat' dir='ltr'><strong>ecentplmn</strong></span> <span class='ocrx_word' id='word_1_770' title='bbox 1589 5317 1621 5368; x_wconf 85' lang='lat' dir='ltr'><strong>ut</strong></span> <span class='ocrx_word' id='word_1_771' title='bbox 1633 5313 1792 5384; x_wconf 72' lang='lat' dir='ltr'><strong>sequemini</strong></span> <span class='ocrx_word' id='word_1_772' title='bbox 1808 5317 1886 5372; x_wconf 61' lang='lat' dir='ltr'><strong>aresti·</strong></span> 
     </span>
    </p>
   </div>
   <div class='ocr_carea' id='block_1_3' title="bbox 224 5450 1581 5599">
    <p class='ocr_par' dir='ltr' id='par_1_5' title="bbox 224 5450 1581 5599">
     <span class='ocr_line' id='line_1_59' title="bbox 224 5450 1581 5596; baseline 0.005 -89"><span class='ocrx_word' id='word_1_773' title='bbox 224 5450 289 5592; x_wconf 47' lang='grc' dir='ltr'><strong>ἓξ)</strong></span> <span class='ocrx_word' id='word_1_774' title='bbox 302 5451 526 5596; x_wconf 45' lang='grc' dir='ltr'><strong>Βὲἓζὲξὲιοάἀᾳίὶὲ</strong></span> <span class='ocrx_word' id='word_1_775' title='bbox 536 5469 600 5508; x_wconf 88' lang='lat' dir='ltr'><strong>non.</strong></span> <span class='ocrx_word' id='word_1_776' title='bbox 1094 5451 1168 5526; x_wconf 82' lang='lat' dir='ltr'><strong>(itii)</strong></span> <span class='ocrx_word' id='word_1_777' title='bbox 1183 5452 1297 5508; x_wconf 91' lang='lat' dir='ltr'><strong>Desunt</strong></span> <span class='ocrx_word' id='word_1_778' title='bbox 1310 5453 1374 5510; x_wconf 81' lang='lat' dir='ltr'><strong>hme</strong></span> <span class='ocrx_word' id='word_1_779' title='bbox 1389 5451 1420 5510; x_wconf 92' lang='lat' dir='ltr'><strong>in</strong></span> <span class='ocrx_word' id='word_1_780' title='bbox 1435 5453 1581 5514; x_wconf 81' lang='lat' dir='ltr'><strong>Decretal.</strong></span> 
     </span>
     <span class='ocr_line' id='line_1_60' title="bbox 441 5567 535 5599; baseline 0.011 -16"><span class='ocrx_word' id='word_1_781' title='bbox 441 5567 460 5599; x_wconf 88' lang='lat'><strong>.,</strong></span> <span class='ocrx_word' id='word_1_782' title='bbox 528 5567 535 5584; x_wconf 91' lang='lat'><strong>.</strong></span> 
     </span>
    </p>
   </div>
   <div class='ocr_carea' id='block_1_4' title="bbox 0 0 1977 7060">
    <p class='ocr_par' dir='ltr' id='par_1_6' title="bbox 0 0 1977 7060">
     <span class='ocr_line' id='line_1_61' title="bbox 0 0 1977 7060; baseline 0 0"><span class='ocrx_word' id='word_1_783' title='bbox 0 0 1977 7060; x_wconf 95' lang='lat' dir='ltr'><strong> </strong></span> 
     </span>
    </p>
   </div>
  </div>
 </body>
</html>
