3952 6042
57 300 126 340 carna
745 278 867 336 GESTA.
884 307 919 320 -·
933 275 992 332 AN·
1007 275 1085 332 1199-
1693 299 1774 340 66161

54 411 138 480 robis,
155 417 184 465 et
197 407 302 465 laubere
317 404 446 464 uolumus
461 405 703 478 intempestiuum,
714 406 889 476 elcanseoai,
904 409 929 474 Α
942 402 1043 474 piendo
1057 405 1083 458 et
1097 402 1264 460 obseruando
1284 403 1393 475 judicio
1419 413 1525 474 nostro,
1554 410 1579 462 et
1606 421 1774 480 quacunque

54 500 166 572 qualem
179 497 313 554 dominus
328 495 605 567 popanobtstaceret,
615 497 769 553 siessemus
785 497 893 566 inpete·
946 493 1072 557 partium
1087 491 1136 548 boc
1149 508 1205 549 nan
1218 493 1329 564 faceret,
1338 509 1387 550 nos
1398 509 1459 550 eam
1466 511 1700 570 persequeremur,
1711 503 1774 554 lan·

52 590 141 644 sentio
156 589 221 659 ejus
242 603 292 658 pro
319 584 404 642 uidua
434 589 460 641 el
485 591 618 657 orpbono,
648 583 698 640 sub
725 585 893 656 protectione
947 579 1775 657 quarninimicumeristionitolis,etspiritualiter,eltent-

51 676 208 750 apostolico
223 675 394 734 conutitutis.
413 673 514 730 Videtis
529 675 597 743 uim,
615 674 773 730 uiolentiam
797 677 822 729 el
847 674 892 728 iu·
944 671 1090 742 poraliter.
1106 672 1234 727 Misimus
1247 673 1368 743 proinde
1390 687 1453 728 eum
1474 673 1574 730 litteris
1600 677 1703 732 nostris
1726 691 1775 734 nos

55 769 196 833 iustitiam
211 781 296 837 quom
310 779 397 821 carnes
409 765 490 836 attere
503 764 598 835 nepoti
611 770 703 818 nostro
717 762 853 833 orphano,
868 765 893 818 el
946 773 998 814 rec
1014 759 1195 830 Hierusalem,
1210 763 1292 832 atque
1304 760 1418 818 barones
1428 762 1582 834 perecrini,
1591 764 1776 822 uenerabilem

52 857 141 912 als-ori
157 859 277 922 nostrae,
292 854 352 925 ejus
367 851 462 920 matri,
474 851 577 910 uiduae.
594 851 661 907 Sitis
672 853 761 908 securi
782 851 815 908 de
837 851 893 906 An·
948 851 1155 906 Cremonensem
1170 847 1339 921 episcopum,
1356 850 1404 925 qui
1414 861 1517 924 partes,
1532 855 1710 924 presentatio
1729 855 1776 909 lit·

54 946 172 1011 tiocbiu,
186 947 213 1000 el
238 942 352 1015 plemam
377 941 436 1014 ejus
460 940 639 1012 smcipientes
660 944 831 1013 potestatem,
843 939 893 994 ba·
947 939 1015 995 teris
1028 943 1141 1008 nostris,
1156 943 1279 995 moneret
1293 939 1328 994 od
1343 955 1373 996 ea
1389 955 1451 1012 quae
1464 943 1625 1013 scripsimus
1636 941 1774 1013 (6616666,

52 1037 149 1104 satu,
168 1037 213 1100 sel,
230 1034 392 1104 casuumque
401 1029 771 1102 portiumadjudtcaaerilis,
781 1029 893 1099 firmum
946 1028 1142 1101 etquicunque
1156 1027 1215 1086 baec
1230 1044 1285 1084 non
1297 1031 1408 1100 faceret,
1420 1031 1477 1103 ipse
1500 1034 1776 1089 senmntiomcccom·

49 1127 228 1194 ‚sermuncat
239 1129 265 1178 et
279 1119 440 1177 illibatum.
451 1118 590 1176 »cuicum
601 1117 810 1190 respondissem,
822 1118 893 1189 quod
946 1117 1144 1174 mansuetionis
1159 1134 1194 1174 ee
1207 1127 1285 1190 porto
1299 1127 1395 1174 nostra
1406 1119 1776 1190 promulparelineum.lc-

49 1214 80 1267 oi
93 1217 233 1269 nostrum
246 1209 397 1281 pertineret
410 1209 534 1279 officium
563 1223 647 1279 super
670 1207 719 1265 boc
740 1207 893 1280 providere,
946 1208 1026 1262 cessit
1042 1206 1137 1279 unque
1151 1207 1194 1264 ud
1208 1207 1575 1280 eosptsinpattsreqnislus,
1604 1214 1632 1265 ul
1645 1208 1776 1282 praedici,

51 1302 93 1358 sed
107 1303 295 1370 procelerel,
311 1299 336 1354 si
348 1298 479 1370 placeret,
495 1296 527 1352 in
542 1313 636 1363 causo,
652 1305 678 1352 et
691 1297 893 1363 nosporstiee·
947 1311 997 1350 roe
1010 1297 1148 1352 Armeniae
1162 1295 1273 1363 oblsclit,
1294 1311 1348 1368 pro
1374 1295 1525 1352 reuerentia
1549 1301 1643 1354 oestro
1667 1299 1723 1370 (72)
1752 1314 1778 1362 et

48 1406 142 1447 semus
157 1389 249 1447 etium
262 1387 427 1459 compellere
438 1395 546 1459 purtem
556 1386 676 1442 alterum
689 1384 727 1440 ad
740 1384 894 1441 sisundum
947 1393 1051 1454 nostra,
1066 1392 1180 1452 treuoos
1196 1383 1385 1455 quadrapinla
1399 1383 1518 1458 dierum,
1543 1401 1579 1456 au
1588 1399 1615 1442 se
1628 1385 1662 1441 ab
1685 1385 1778 1442 ollem

51 1479 169 1548 iudicio,
186 1493 273 1550 super
286 1477 434 1548 sactoipso
445 1491 500 1531 non
510 1473 651 1545 processit,
662 1481 826 1530 cumtamen
846 1488 893 1544 epo
947 1477 1025 1544 parte
1040 1488 1095 1529 non
1109 1475 1225 1546 fuerunt
1240 1478 1372 1544 receptae:
1390 1475 1444 1529 imo
1459 1490 1522 1530 cum
1540 1475 1657 1531 nuntius
1670 1476 1718 1548 qui
1740 1474 1777 1532 ud

51 1570 244 1638 exposuerim,
259 1569 286 1622 et
300 1563 432 1622 continue
441 1579 608 1634 exponerem
622 1578 671 1619 nos
684 1565 796 1635 puratos
806 1561 842 1618 ad
851 1563 894 1632 p'u-
948 1579 998 1618 nos
1014 1571 1147 1618 venaturus
1160 1568 1220 1617 erat
1233 1579 1268 1617 ec
1282 1573 1362 1632 purte
1376 1564 1465 1634 ipsius
1481 1566 1566 1634 repis,
1581 1580 1632 1635 pro
1649 1563 1778 1635 iaciendo

52 1657 163 1712 stisiam
181 1649 895 1720 exhibendamllocetiomobtulitntiocbenis,si
948 1651 1081 1708 mandata
1100 1655 1203 1723 uestra,
1230 1653 1392 1724 postulasset
1420 1654 1608 1723 securitatem,
1638 1655 1704 1725 puio
1729 1668 1779 1724 per

56 1747 186 1818 aliquam
201 1743 305 1800 uellent
318 1756 472 1814 proponere
493 1741 644 1814 querelam.
666 1741 697 1795 Et
709 1740 829 1810 landem,
839 1739 890 1795 iu·
951 1748 1048 1812 portes
1063 1743 1239 1797 inimicorum
1255 1743 1395 1813 oportebat
1405 1741 1779 1814 eumtronsire,deneaalum

55 1835 118 1891 bitis
134 1833 341 1904 cusnutrispue
354 1829 477 1902 infinitis
496 1829 718 1886 contentionibus
741 1837 767 1885 et
791 1829 889 1898 uerbis,
951 1828 1006 1884 sibi
1016 1831 1072 1900 luit
1084 1832 1206 1886 omnino.
1222 1831 1283 1902 lpse
1302 1834 1404 1902 maten,
1419 1831 1491 1886 sicut
1510 1832 1649 1887 Dominus
1672 1830 1776 1900 uoluit,

57 1941 114 1994 aaz
131 1915 895 1991 lampanessetmarrarmdamnastiapotriombetoe).
949 1918 1057 1976 illaesus
1072 1918 1111 1974 od
1125 1935 1174 1975 nos
1188 1935 1273 1990 usaue
1285 1923 1418 1989 peruenit,
1434 1919 1644 1992 completudine
1652 1919 1779 1992 morsdot,¹

56 2010 265 2084 ‹erebiepiscopi
278 2009 422 2066 Dorscnsis
437 2008 504 2080 (60),
520 2007 717 2080 episcoporum,
732 2006 849 2079 capituli
870 2014 897 2064 et
949 2007 1019 2079 quod
1037 2016 1178 2078 occeperat
1204 2024 1221 2062 o
1247 2008 1361 2064 domino
1384 2023 1444 2064 suo.
1460 2009 1659 2065 continebatur
1678 2011 1778 2081 quippe

57 2103 194 2157 abbatum
208 2099 397 2156 Antiochense
410 2097 548 2167 Eulesiee,
563 2113 615 2154 nec
631 2111 686 2152 non
708 2095 815 2152 domini
824 2097 894 2152 Cre·
949 2099 979 2154 in
996 2099 1100 2154 litteris
1115 2101 1188 2168 repis
1203 2095 1275 2170 quod
1289 2097 1422 2169 quidquid
1436 2097 1552 2154 nuntius
1578 2099 1637 2170 ipse
1663 2100 1777 2169 taceret,

58 2191 202 2246 monmsis
217 2187 287 2258 (70),
302 2193 327 2243 et
341 2185 464 2244 oliorum
479 2183 895 2257 animumanimumum
948 2205 1002 2245 ree
1015 2188 1128 2259 irinum
1142 2186 1263 2254 baberet,
1280 2190 1305 2243 el
1321 2190 1454 2259 tunquam
1468 2204 1485 2243 a
1499 2191 1645 2259 selectum
1659 2185 1778 2260 fimniler

57 2282 133 2345 porti
143 2294 183 2334 ex
194 2279 276 2348 porte
289 2275 337 2331 Dei
350 2275 581 2344 ommnipotentis,
596 2280 623 2330 et
641 2281 744 2332 sanctae
763 2275 895 2332 Romanae
948 2274 1332 2348 obseruarel.Sicauedetoclo
1338 2275 1371 2332 de
1377 2277 1605 2347 templariorum,
1612 2291 1662 2349 pro
1670 2293 1723 2350 quo
1729 2293 1779 2333 rec

57 2366 200 2433 neuster,
216 2367 244 2420 et
258 2365 340 2420 tulius
350 2360 580 2429 christianitatis,
609 2365 635 2418 el
658 2367 764 2430 nostra,
789 2363 895 2419 scilicet
947 2364 1197 2422 excommunicatus
1211 2367 1313 2436 suerat,
1328 2371 1354 2420 et
1369 2371 1441 2421 terro
1464 2365 1523 2437 eius
1548 2365 1693 2422 interdicto
1711 2365 1777 2422 sub-

57 2455 281 2526 lcpatorumaui
294 2468 406 2508 mamus
428 2451 457 2506 in
472 2460 557 2520 terru,
572 2451 692 2521 tirmiter
714 2451 835 2522 inhibui,
859 2467 895 2508 ne
951 2458 1025 2526 ecto,
1036 2455 1146 2527 iurauit
1160 2452 1379 2511 staremandalo
1399 2461 1500 2522 nostro,
1524 2455 1595 2512 sicut
1617 2453 1702 2512 enoris
1725 2459 1776 2526 est,

58 2543 157 2614 aliquo
174 2541 256 2598 inodo
272 2539 828 2614 olipuopartiumcontraaliumpuerrum
835 2555 892 2596 mo·
941 2525 1030 2634 {uper
1044 2544 1172 2600 animam
1185 2559 1265 2600 suurn
1279 2547 1305 2598 el
1319 2545 1406 2614 repis,
1420 2548 1448 2600 et
1462 2543 1626 2600 mundatum
1640 2543 1711 2616 quod
1725 2560 1777 2600 nos

57 2639 140 2700 cerm,
158 2649 197 2688 ese
212 2627 893 2704 quodeiectumjustitiaenoninueniebanl‚eteros
941 2639 1018 2722 juste
1040 2633 1169 2703 tammus,
1192 2647 1251 2702 epse
1274 2631 1419 2687 lumiliter
1439 2633 1569 2704 suscepit.
1591 2631 1718 2692 Tandem.
1745 2631 1778 2687 de

56 2719 597 2794 porotieromusadutrisquep'uslilium
606 2718 800 2788 cohibendam,
814 2737 850 2776 ne
867 2728 893 2778 et
944 2727 1017 2794 locta
1033 2720 1194 2791 dnliocbiae,
1210 2721 1310 2777 obtulit
1335 2737 1366 2777 se
1393 2722 1533 2782 iacturum
1561 2722 1634 2779 idern
1663 2724 1779 2780 nuntius

56 2829 160 2883 auerso
177 2808 286 2884 ipsein
300 2811 383 2865 totius
398 2807 626 2876 Cbrc'stianitatis,
647 2810 769 2866 manime
792 2808 892 2867 Orien·
944 2817 1056 2877 pontum
1069 2827 1120 2884 pro
1134 2826 1210 2880 repe,
1226 2809 1295 2882 quod
1310 2825 1359 2866 nos
1373 2813 1565 2882 reputaremus
1579 2812 1777 2879 sutiseese.Et,

57 2903 120 2958 talis
134 2909 237 2969 terrae,
251 2897 427 2971 dispendium
439 2899 605 2970 proueniret.
621 2898 692 2954 Dum
713 2914 775 2955 vero
799 2914 892 2956 reuer-
945 2904 1107 2975 quiacomes
1117 2899 1310 2972 Tripolitanae
1322 2915 1411 2971 neque
1421 2902 1504 2968 66611,
1516 2915 1604 2973 neque
1621 2899 1707 2970 misit,
1731 2899 1779 2957 sed

56 3008 98 3046 sus
113 2993 190 3047 esset
204 2989 294 3044 Aeson
308 2985 435 3044 66661666
450 2985 615 3054 cardinalis,
631 2987 733 3044 institit
748 2987 827 3044 nobis
846 3005 891 3046 co·
946 3008 996 3047 nec
1010 2991 1097 3047 etiarn
1110 2991 1262 3062 scripserat
1276 2988 1384 3060 6116616
1399 2988 1471 3062 quod
1483 2989 1602 3061 pondus,
1618 2993 1648 3046 ul
1668 2989 1779 3047 diceba·

63 3081 175 3136 mitissa
198 3076 344 3134 Ftandriae
357 3075 424 3148 (71),
439 3092 499 3148 aue
513 3075 891 3149 aduenerotmtaliiperepri·
948 3085 1006 3150 tur,
1023 3078 1144 3148 baberet,
1159 3075 1311 3150 postulauit
1324 3093 1341 3133 a
1355 3078 1434 3136 nobis
1447 3079 1685 3136 excommunicari
1699 3079 1781 3135 corni·

57 3171 95 3240 ni,
110 3173 142 3224 ut
157 3169 266 3224 iterum
280 3181 336 3220 non
354 3179 525 3220 cessaremus
548 3165 676 3223 laborare
686 3181 735 3238 pro
746 3167 808 3240 jam
818 3167 892 3224 dieto
906 3147 933 3216 G
951 3171 1006 3222 lem
1015 3183 1026 3231 ,·
1036 3166 1160 3222 inbiberi
1173 3165 1227 3222 sibi
1241 3165 1464 3237 chritianorum,
1478 3170 1504 3224 et
1517 3168 1642 3224 monime
1656 3167 1782 3240 Templa·

55 3275 131 3328 pere.
150 3255 346 3313 Deliberatum
358 3261 398 3309 est
409 3253 582 3326 postmodum
600 3271 650 3326 per
672 3255 898 3329 6661116661)-
952 3254 1060 3312 riorum
1071 3259 1096 3310 et
1109 3255 1324 3326 percprinaram
1338 3255 1493 3326 auxilium,
1512 3258 1562 3328 qui
1575 3257 1705 3314 boetem
1724 3273 1783 3312 aa·

57 3349 318 3416 mitunumrepem,
336 3343 735 3416 Templorios,llospitalorios,
751 3345 901 3404 etnobiles
950 3343 1057 3399 uilium
1069 3341 1257 3414 praestiterant
1278 3352 1304 3399 et
1331 3344 1466 3413 fauorem,
1494 3345 1572 3416 lonae
1595 3346 1679 3402 aliter
1700 3360 1785 3418 quone

56 3431 766 3504 quicelmumparturiebantpernuntiosetlitteras
779 3445 899 3505 nostras,
951 3431 1056 3489 deceret
1074 3435 1100 3487 et
1123 3447 1206 3502 quam
1232 3431 1386 3488 contineret
1412 3435 1545 3490 statutum
1574 3437 1697 3490 oestrum
1722 3449 1786 3489 cum

56 3523 179 3594 cumipsi
185 3520 841 3595 quarnnos,conueniredeberemus,ataueeitare
853 3541 898 3581 sn·
954 3519 1047 3577 mullo
1073 3518 1275 3576 deliberatione
1311 3521 1517 3591 [antummum
1541 3524 1637 3594 setique
1660 3539 1714 3579 non
1741 3536 1786 3578 es·

57 3611 206 3682 prodictus
221 3623 326 3679 omnes,
343 3613 372 3665 ul
387 3611 488 3683 absque
502 3611 561 3666 ulla
575 3610 771 3670 conditionate
779 3615 901 3670 commit·
951 3613 992 3680 ,et
1026 3623 1174 3681 prouocare
1206 3622 1297 3678 repam
1342 3607 1378 3664 od
1428 3608 1609 3666 obedientium
1656 3613 1786 3668 bonone

59 3703 148 3755 {ment
165 3698 176 3751 i
185 3697 282 3753 udicio
293 3705 396 3768 nostro,
409 3700 580 3770 postularent
603 3703 772 3772 securitates,
794 3702 899 3760 obsides
950 3699 1031 3766 sedis,
1046 3697 1094 3753 sed
1107 3697 1201 3766 procul
1215 3695 1351 3768 repellere
1368 3695 1446 3753 ultro
1456 3699 1785 3771 reofferentemmdcon·

59 3797 82 3844 et
94 3789 257 3844 tenimenta
267 3791 435 3859 prestarent
448 3787 479 3843 in
498 3805 597 3844 monus
610 3793 730 3863 nostras,
753 3807 804 3864 pra
828 3792 898 3849 reci-
952 3787 1110 3844 uincendum
1126 3801 1236 3859 quoque
1248 3784 1384 3842 duritiam
1400 3791 1428 3842 et
1441 3789 1649 3844 contumacium
1662 3789 1782 3856 comitis,

60 3927 211 3998 pontibus
225 3925 268 3982 sio
282 3927 447 3984 adnotavit:
463 3925 526 3984 God.
542 3929 605 4001 Rep.
621 3931 647 3986 el
662 3928 728 3986 Pod.
746 3931 824 4002 nepti
837 3949 845 4000 ;
856 3933 899 3989 sie
951 3930 1126 3985 Tborsensem
1140 3927 1301 3993 Ecclesiam,
1317 3942 1383 3984 curn
1398 3928 1534 3986 omnibus
1557 3928 1641 3985 robus
1655 3935 1683 3986 et
1709 3928 1785 3986 tenl-

60 3999 144 4054 eliam
160 3997 253 4066 paulo
266 3999 338 4068 post.
951 4003 1057 4058 mentis
1072 4001 1141 4066 suia,
1156 3999 1186 4055 in
1202 4015 1267 4070 qua,
1283 3999 1332 4056 diu
1346 4015 1395 4056 suo
1410 4001 1512 4056 orbata
1534 4005 1652 4072 pastore,
1679 4014 1787 4058 conse·

93 4071 153 4140 168)
173 4067 215 4125 De
231 4068 393 4140 patriarcba
409 4070 583 4127 Antiocheno
608 4072 674 4128 ride
697 4087 759 4145 que
780 4074 898 4131 adnota-
950 4081 1048 4129 cratus
1061 4077 1105 4128 est
1118 4071 1351 4144 archiepiscopus
1365 4071 1538 4130 uenerabilis
1553 4072 1658 4130 066161
1678 4071 1783 4130 antio-

62 4140 607 4211 116666666161616165206616661.
950 4145 1060 4200 chenus
1063 4182 1119 4199 .....
1138 4163 1152 4192 n

87 4213 147 4284 (60)
164 4211 724 4286 1166666616.816166116616066116,6666
738 4214 896 4287 baluzium,
987 4215 1103 4286 Propius
1131 4213 1226 4269 forsan
1255 4214 1367 4270 veritati
1395 4213 1531 4271 secedere
1559 4213 1725 4270 videbimur
1761 4215 1786 4271 si

62 4282 652 4355 6666Ιί16τί66661661661161116611666,
668 4287 703 4341 66
719 4287 895 4355 6616666616
950 4287 1102 4342 bostrensis
1118 4284 1209 4354 legere
1226 4285 1470 4351 proposuerimus.
1488 4285 1559 4341 Urbs
1585 4285 1665 4342 anim
1677 4285 1785 4354 Bostra,

65 4353 215 4412 Fmtorum
232 4360 340 4410 textum
356 4354 402 4410 bio
417 4355 540 4412 edimus.
561 4355 693 4413 Betucius
715 4357 747 4412 in
771 4359 896 4416 editione
949 4355 1432 4429 quetoretoribasnosuiisarante
1449 4357 1612 4426 metropolis
1623 4357 1787 4422 assignatur

62 4443 118 4494 sue,
135 4426 176 4482 66
192 4427 798 4498 16666166166616116666.6611661616ςί
814 4431 896 4484 Tbor·
950 4431 1030 4495 olim,
1045 4435 1197 4498 antequam
1214 4425 1472 4496 Hierosolymilano
1488 4428 1691 4498 patriarchatui
1718 4428 1787 4484 sub·

61 4499 160 4560 unsis,
181 4498 257 4553 6666
272 4497 333 4567 ipse
346 4495 572 4568 legendumesse
582 4501 715 4568 opinatur
725 4499 891 4558 Tharsensis.
911 4501 1096 4584 Dilueretur,
1113 4498 1148 4552 66
1163 4498 1376 4554 Antiochenam
1401 4497 1554 4569 spectabat.
1577 4499 1632 4556 Sed
1652 4499 1788 4556 Bostren-

63 4569 455 4639 virtanmmioonjouorom
480 4570 630 4626 admittere
654 4586 712 4627 non
736 4571 836 4628 sinunt
859 4587 892 4628 eu
954 4569 1150 4640 sium,l.atini
1176 4569 1256 4638 ritus,
1288 4567 1442 4640 praesulum
1471 4569 1636 4640 importante
1663 4571 1788 4628 nimium

63 4656 120 4710 qnae
138 4641 276 4709 leguntur
292 4640 320 4695 in
337 4639 438 4697 littoris
452 4641 623 4712 quibusdam
637 4641 745 4707 Leonis,
759 4645 891 4714 registr·
944 4643 1021 4714 opud
1039 4640 1205 4697 historicos
1220 4640 1320 4708 661166,
1336 4641 1446 4696 nullius
1459 4649 1525 4696 ante
1548 4641 1710 4713 Danielem,
1739 4642 1788 4713 qui

65 4725 228 4776 menarum,
244 4724 313 4781 quas
328 4726 385 4767 non
400 4727 434 4767 es
447 4710 661 4769 Innocentianis
676 4713 816 4785 Rogantie,
841 4716 891 4771 sed
946 4714 1063 4771 solebat
1076 4726 1153 4768 auno
1176 4710 1259 4779 1316,
1273 4711 1478 4783 archiepiscopi
1493 4727 1599 4770 nomon
1621 4713 1708 4770 nubis
1735 4729 1787 4770 ax·

64 4783 214 4840 61666166
231 4781 802 4852 ms.Vellloallenomuximoelidei,retulit
819 4785 892 4854 Rap—
946 4786 1037 4841 bibet.
1054 4784 1122 4841 1166
1135 4789 1173 4838 Lo
1200 4784 1302 4850 06166,
1329 4786 1381 4844 Or.
1409 4781 1525 4853 cimae,
1554 4792 1623 4842 tom.
1652 4787 1702 4855 111,
1728 4783 1786 4842 661.

63 4853 179 4915 661666.
195 4855 267 4909 nnn.
281 4853 370 4909 leole.
386 4860 406 4908 t.
423 4854 505 4926 11111,
516 4871 581 4926 pag.
601 4855 663 4924 116,
678 4858 712 4911 66
737 4872 784 4911 an.
811 4856 891 4924 1205,
946 4857 1028 4914 1307.

65 4927 133 4987 ibit.
152 4925 195 4980 [bu
212 4924 274 4982 istis
287 4925 365 4980 enirn
378 4925 488 4994 litteris,
513 4942 583 4997 quas
609 4943 685 4982 anuo
714 4927 785 4982 1205
813 4929 893 4985 dulas
982 4927 1038 5000 (70)
1055 4925 1123 4982 vtae
1138 4937 1223 4994 supra
1235 4931 1295 4981 nol.
1311 4925 1345 4980 66
1362 4929 1376 4995 5
1391 4927 1436 4981 16.

67 4999 149 5052 tuisse
162 5003 251 5066 patet,
264 5005 341 5052 certo
356 4996 460 5053 certius
474 4998 615 5054 evincitur
630 4998 817 5056 'tharsensem
839 5000 891 5056 116-
982 5000 1039 5070 171)
1054 4997 1186 5052 06611616
1200 4996 1295 5060 Maria.
1313 4997 1446 5053 Balduini
1463 5013 1542 5070 naor,
1557 5000 1593 5057 66
1620 5016 1677 5127 flua
1704 4995 1790 5054 Flan-

66 5067 181 5124 clesiam
197 5075 277 5136 tunc,
292 5083 358 5124 eum
375 5083 419 5122 res
439 5069 513 5125 iuter
535 5073 723 5126 armenorum
748 5085 842 5138 nepem
865 5078 893 5126 et
946 5066 1618 5136 6616616661666660661611203,16666611
1642 5089 1689 5129 am
1713 5086 1788 5127 oum

68 5141 198 5195 comitem
214 5139 436 5208 Tripolitanum.
450 5140 640 5197 mediantibus
652 5140 765 5212 legalis,
779 5157 893 5212 campo·
945 5139 1216 5210 loanneNigellano
1244 5143 1273 5194 in
1299 5141 1408 5213 Syriam
1451 5144 1633 5214 processisse,
1661 5159 1706 5210 66,
1726 5147 1790 5213 post

69 5219 213 5278 necentur,
231 5209 317 5274 lonuo
335 5217 459 5281 tempore
472 5213 633 5280 vacavisso;
649 5228 683 5269 ao
698 5213 816 5282 proinde
832 5213 892 5269 nul·
947 5215 1034 5270 missis
1049 5217 1179 5282 superata
1191 5209 1581 5283 discrimine‚Ptolamnidem
1592 5213 1782 5286 applicuisse,

69 5279 107 5338 lus
123 5282 260 5338 sceleste
277 5282 364 5352 baius
378 5283 619 5356 archiepiscopus.
637 5285 777 5350 tractatui,
793 5285 892 5355 dequo
946 5301 989 5350 uc,
1005 5287 1072 5340 dum
1089 5283 1182 5338 risum
1198 5282 1237 5337 ibi
1248 5285 1443 5354 opperiretur,
1461 5300 1494 5340 ex
1504 5287 1602 5340 morbo
1613 5286 1784 5341 exstinctum

70 5351 893 5428 bisinlegatorumepistolaagitur,interessepotuil.Siu
947 5357 1045 5423 laissa,
1069 5371 1110 5420 tv,
1142 5361 1175 5408 ut
1207 5355 1321 5424 quidum
1356 5363 1468 5426 notant,
1501 5357 1560 5410 1161.
1595 5355 1784 5426 Septembris.

70 5425 141 5481 enim
156 5425 290 5492 Leones,
308 5425 630 5493 inpraediotislitteris:
650 5448 660 5476 ι
678 5427 893 5499 .1.16666061
948 5424 1599 5500 1116666.16661.1666.11111,663.115,66
1622 5443 1670 5484 66.
1700 5427 1784 5500 1205,

71 5497 183 5558 mutium
198 5495 230 5551 in
246 5511 317 5567 pace
329 5499 439 5553 redacta
454 5504 520 5553 sunt
535 5498 641 5554 omnia.
659 5497 807 5570 Postquam
822 5500 893 5557 vidi·
946 5500 961 5574 §
975 5501 1019 5555 31.

72 5581 130 5647 nus
144 5567 301 5650 dominum
326 5568 516 5650 patriarcham
538 5569 767 5640 (antiochenum)
793 5571 893 5629 iecisse
977 5571 1039 5698 572)
1054 5567 1185 5651 baluzius
1201 5567 1230 5625 in
1243 5567 1322 5626 notis
1337 5567 1551 5640 marginalibus
1565 5584 1573 5625 z
1595 5569 1646 5629 llic
1672 5570 1706 5630 de
1718 5569 1789 5628 sinit

71 5637 201 5707 palicium
236 5645 265 5697 at
288 5638 443 5712 justitiam,
472 5641 668 5700 concessimus
695 5641 722 5698 ei
746 5643 893 5702 restituero
945 5658 976 5700 co
994 5658 1031 5699 ec
1047 5641 1163 5713 fleptsu.
