3952 6042
140 127 143 136 ·
194 196 238 238 cur
856 173 1059 234 INNOGENTII
1077 172 1116 228 111
1135 173 1238 230 PAPAE

1861 197 1907 238 cnr
1951 167 1952 174 ἵ

192 325 309 378 norum,
332 307 366 366 44
387 307 535 366 dominum
552 321 654 380 papam
671 303 797 376 directe,
813 303 977 372 declarent;
991 302 1021 360 in
1036 304 1065 371 Α
1079 299 1145 357 cino
1169 300 1248 359 tituli
1269 305 1372 358 sonctoe
1395 303 1532 361 Praeedis
1554 305 1628 376 (48),
1644 308 1671 362 et
1686 305 1806 377 Petrus,
1822 306 1920 364 diuina
1951 303 1952 308 ’

192 385 299 472 quibus
315 406 411 456 tamen
424 398 502 455 idem
518 412 569 454 rex
589 397 624 452 dc
650 393 768 467 praeietc
790 391 882 464 iegato
906 393 1023 450 domino

193 505 274 562 papae
303 491 501 558 conqueritur,
529 493 566 554 et,
595 489 655 540 tam
683 486 719 542 dc
744 484 819 541 iacto
848 483 1024 540 Antiocheno

192 579 331 650 quamde
353 576 469 648 negotio
493 574 733 645 Templariorum,
751 573 842 628 multa
859 581 1022 634 narramur,

194 683 257 738 que
272 667 426 738 ploniuset
450 663 564 736 planius
588 678 623 720 ex
649 663 775 734 ipsarum
802 661 922 718 lectione
946 668 1024 732 pate·

195 755 275 813 bunt.
293 754 351 812 Rex
366 753 470 825 quippe
480 752 579 809 scribit
591 752 645 808 boc
656 751 739 808 modo
751 750 808 824 (44)
822 767 829 806 :
846 748 1023 806 Reuerendis-

193 845 265 900 simo
281 844 310 898 in
321 841 432 900 Ghristo
448 842 529 896 Patri
543 849 569 896 et
583 840 695 896 domino
710 839 881 908 Innocentio,
897 837 1024 907 Deiera·

195 935 236 988 tto
250 946 358 987 summo
372 929 498 1002 pontifici
512 933 538 986 et
552 928 705 984 uniuersali
716 945 803 1000 papae,
816 929 876 998 teo,
884 943 934 998 per
943 941 1022 982 eum·

193 1022 257 1077 dem
271 1027 297 1076 et
316 1020 434 1076 Romani
460 1018 578 1091 imperii
597 1016 730 1090 pretinm,
753 1033 805 1072 444
828 1019 1021 1078 irmenorum,

191 1109 351 1166 sanctitatis
367 1125 426 1165 suoe
439 1108 553 1164 devotus
567 1115 593 1163 et
608 1105 745 1178 obediens,
760 1123 825 1162 cum
838 1106 928 1163 sainte
941 1107 1023 1175 prata

192 1198 309 1254 44444444
324 1204 351 1254 et
365 1197 471 1270 pedum
486 1196 593 1259 cscuto.
613 1195 680 1252 Cum
694 1199 799 1253 constet
823 1211 878 1264 oca,
904 1193 1021 1251 celeber·

193 1289 266 1344 rium
281 1291 365 1343 Pater
377 1296 404 1344 et
418 1286 538 1355 domine,
552 1288 620 1352 etc„
635 1287 698 1342 sine
712 1286 791 1340 4444.

231 1375 337 1433 GXill.
372 1373 537 1431 Catholicae
565 1390 631 1432 verc
659 1373 730 1430 tales
756 1373 865 1430 litteras
892 1371 1019 1430 destina-

192 1466 232 1522 rit
249 1464 306 1538 (45)
324 1483 332 1524 t

230 1552 464 1610 Reuerendissimc
488 1553 520 1608 in
543 1552 650 1610 Christo
674 1552 757 1609 Patri
772 1554 797 1608 et
811 1549 923 1608 dominc
938 1549 1021 1605 luno·

1076 389 1254 462 providentia
1270 391 1348 447 tituli
1363 391 1460 449 Sancti
1468 391 1592 450 ltorcetti
1602 395 1674 468 (49),
1683 394 1847 468 presbyteri
1856 412 1921 454 car-

1077 477 1196 548 dinales,
1214 479 1278 537 ticet
1292 480 1415 552 indigni,
1429 481 1549 539 debitam
1562 485 1588 539 et
1595 487 1733 556 paratam
1744 484 1777 540 in
1787 485 1919 542 omnibus
1951 485 1952 492 ’

1078 567 1274 624 obedientiam.
1287 571 1357 626 Dum
1367 575 1538 644 cotempcre,
1547 587 1600 644 quc
1616 574 1683 629 ceni
1697 573 1851 646 dccouepo
1863 574 1922 647 Sot-

1077 656 1921 733 [reduatreupaessetcumSaracenis,etprterrcpraoisinter

1077 758 1170 815 recem
1180 745 1351 802 Armenioeet
1360 747 1485 803 comitem
1494 748 1702 818 Tripctitanrsm
1712 749 1814 824 (50),et
1825 752 1920 808 Antio·

1077 833 1184 901 ahenos,
1199 850 1250 906 pro
1265 850 1295 891 ec
1310 836 1390 906 quod,
1406 838 1477 892 sient
1489 837 1643 908 dicebatur,
1661 838 1744 896 idem
1759 856 1851 898 comes
1863 842 1918 897 Au-

1077 921 1201 978 tiochcm
1223 923 1327 993 iniuste
1339 931 1517 997 occupaverat
1531 929 1557 982 et
1570 928 1700 1000 ejecerat,
1717 931 1918 986 assistentibus

1075 1010 1130 1066 sibi
1144 1025 1179 1067 cu
1192 1014 1300 1085 majori
1312 1021 1393 1084 porte
1406 1015 1568 1081 cinitonem
1581 1033 1687 1089 mopere
1700 1021 1789 1090 parte
1809 1019 1917 1076 nobiles

1077 1098 1207 1169 civitatis,
1215 1117 1266 1172 pro
1280 1117 1312 1158 eo
1327 1103 1394 1174 qnia
1404 1103 1460 1160 sibi
1474 1105 1569 1174 iurare
1579 1106 1715 1163 nolebant
1726 1108 1915 1176 contraiera-

1076 1192 1200 1246 mentum
1215 1189 1438 1264 fidetitatisquod
1447 1193 1638 1267 praestiterant
1649 1195 1715 1266 titio
1724 1198 1915 1270 primogenito

1073 1278 1218 1349 cujusdam
1226 1279 1854 1358 principistbi),requisitusabutroqueparte
1863 1302 1917 1341 444-

1072 1365 1138 1438 pius
1154 1373 1181 1423 et
1195 1367 1344 1436 instanter,
1361 1370 1455 1427 habito
1466 1372 1583 1429 consitio
1602 1389 1660 1430 uon
1685 1375 1785 1447 semet,
1801 1375 1849 1431 sed
1863 1391 1914 1430 sce·

1072 1454 1213 1526 pius‚cum
1225 1460 1370 1528 mapastris
1382 1459 1485 1532 Templi
1495 1461 1550 1534 (52)
1560 1471 1586 1520 et
1601 1462 1758 1536 Hospitalis
1767 1465 1840 1536 (53),
1855 1464 1913 1521 iter

1074 1544 1189 1617 arripui
1202 1563 1299 1603 versus
1313 1547 1502 1618 Antiochiam,
1518 1556 1549 1606 ut
1565 1551 1606 1608 ibi
1620 1553 1785 1610 laborarem
1799 1553 1836 1610 ad
1861 1569 1912 1626 pc·

193 1641 294 1712 centio,
308 1641 357 1699 liei
370 1642 464 1714 pratia
477 1641 722 1711 summopcntifiei
730 1644 756 1696 et
767 1637 1021 1712 universatipopoe,
1037 1646 1147 1747 Bccm,
1173 1640 1200 1690 ct
1228 1635 1384 1707 sedendam,
1409 1637 1481 1694 sicrrt
1491 1655 1608 1711 possem,
1621 1641 1810 1699 decoratam.
1838 1642 1913 1699 Scri-

126 1739 127 1747 ’
192 1735 311 1789 loannes
325 1731 393 1804 (46),
402 1746 455 1803 444·
469 1730 592 1786 eamdem
607 1727 724 1786 humitis
736 1729 918 1786 Annenorum
929 1728 1021 1786 carbo·
1075 1738 1190 1796 pseram
1202 1727 1288 1781 etiam
1300 1727 1414 1797 pretato
1429 1729 1524 1784 comiti
1536 1732 1563 1784 et
1577 1731 1723 1786 communi
1746 1732 1913 1800 Antiochia,

194 1822 275 1891 tirus,
300 1821 447 1877 sanctitati
468 1821 564 1876 cestre
578 1818 690 1876 deuotus
704 1823 730 1875 et
743 1817 879 1890 obediens,
895 1835 958 1874 cum
971 1819 1018 1874 de·

194 1909 258 1966 trita
270 1907 428 1966 obedientia
441 1913 468 1965 et
479 1910 636 1965 reuerentia
649 1909 733 1981 piena
742 1907 842 1964 solutis
852 1907 965 1979 444444.
977 1909 1018 1963 lie

137 2015 139 2020 ’
193 1997 333 2072 ineflabili
346 1997 523 2070 providentio
537 1995 648 2054 bomini
662 1997 761 2068 nostri,
777 2005 844 2066 etc,
860 1996 922 2052 sine
941 1997 1016 2053 date.

229 2087 350 2144 CXVlll.
375 2086 470 2158 Legati
494 2101 558 2142 rerc
582 2101 668 2157 super
686 2086 731 2142 bis
746 2084 862 2143 domino
877 2101 957 2159 pape
974 2101 1017 2142 rc·

194 2176 369 2248 scripserunt
385 2174 439 2231 boo
456 2176 541 2231 modo
555 2175 611 2248 (47)
629 2191 635 2228 :

231 2264 465 2322 Reverendissimo
478 2265 560 2320 Patri
573 2273 598 2320 et
607 2263 719 2320 dominc
729 2265 885 2337 plurimum
894 2269 1016 2322 metuen-

193 2353 238 2420 do,
254 2355 421 2421 Innocentio,
442 2353 493 2409 Dei
511 2354 607 2424 pratia
627 2359 728 2409 unctu
742 2360 770 2410 et
784 2353 952 2410 universatis
966 2358 1016 2410 Ec·

191 2443 283 2500 etesiae
305 2457 412 2498 summo
434 2440 572 2514 pontifici,
598 2441 748 2514 saliretur,
771 2444 950 2516 permissione
972 2446 1016 2502 di·

226 2567 273 2640 (44
299 2566 368 2622 ltide
382 2566 534 2638 epistotam
550 2566 601 2622 119
617 2565 683 2622 libri
698 2567 800 2623 catari.

109 2663 113 2670 -
238 2638 272 2693 45
298 2637 368 2694 Vide
383 2637 532 2709 epistotam
549 2637 600 2692 120
616 2637 682 2694 libri
696 2639 800 2696 octavi.

238 2709 273 2764 46
306 2710 440 2776 Gregorio
455 2709 575 2779 septimo
590 2709 743 2776 (cathalico
753 2709 964 2778 Armeniorum,
980 2711 1015 2770 44

192 2794 248 2850 444
261 2795 344 2850 44444
357 2779 458 2836 notati
467 2782 481 2848 5
490 2779 741 2846 consuescens
755 2780 871 2837 domnus
885 2782 1013 2850 ioannes,

191 2853 241 2922 qui
253 2863 433 2906 anteonaum
446 2852 483 2906 ob
497 2851 631 2907 electione
644 2867 696 2906 sua
710 2860 889 2922 transactum,
899 2862 1015 2909 nicetem

190 2921 319 2994 oppetiit.
337 2922 381 2977 ad
396 2923 583 2978 armenorum
599 2922 764 2992 primariam
778 2923 873 2979 sedem
896 2940 1014 2993 promo·

191 2999 238 3048 tus
262 2993 308 3048 bic
328 2993 456 3050 loannes
480 2993 542 3059 tuit,
569 3002 672 3064 agente
696 2993 777 3048 Petro
801 2991 862 3061 illo,
884 2995 960 3050 tituli
984 3000 1012 3052 8.

189 3062 315 3120 Marcelli
338 3063 503 3137 presbytero
523 3063 679 3132 carimate,
702 3079 786 3134 quern
800 3065 836 3120 44
850 3066 1013 3122 444444444-

190 3136 255 3192 darn
270 3150 369 3207 pacem
384 3138 458 3192 inter
476 3134 685 3207 Tripolitanum
709 3138 853 3206 comitem,
875 3144 903 3192 et
927 3138 1013 3210 liupi-

191 3221 271 3274 num,
297 3205 391 3261 fratris
412 3206 522 3271 leonis,
537 3207 726 3263 armenorum
743 3207 828 3278 regis,
842 3206 945 3281 iulium,
960 3211 1014 3265 Ar·

191 3276 294 3333 ureniae
309 3277 424 3347 majoris
440 3277 597 3348 principem
615 3277 800 3334 innocentius
825 3278 1011 3350 delegaverat.

191 3351 274 3404 Gesta
300 3347 360 3405 lraec
384 3356 450 3404 sunt
472 3363 550 3404 anno
572 3348 652 3403 4205.
669 3349 786 3416 Verum,
802 3350 846 3406 444
864 3351 917 3406 4444
931 3359 1014 3422 pecta

191 3420 313 3488 tuerent,
337 3420 451 3490 quando
474 3419 573 3475 Petrus
595 3421 703 3491 legatus
725 3423 867 3477 ioannem
892 3423 1014 3480 catholi-

190 3503 256 3547 cum
291 3489 442 3547 interdicto
474 3491 632 3562 supposuit,
660 3492 727 3560 quis
754 3492 935 3550 Antiocheno
982 3511 1012 3550 4-

192 3560 323 3619 triorche
338 3561 441 3634 subjici
463 3565 615 3619 recusaret.
638 3563 754 3618 Armeni
779 3579 845 3621 vero
870 3511 1014 3637 praesufes,

190 3647 297 3702 444444
321 3633 385 3704 444,
409 3633 483 3690 44444
504 3648 615 3690 rursum
630 3634 665 3689 44
682 3633 883 3692 innocentium
898 3636 1012 3709 litteris,

190 3705 218 3761 le
240 3705 277 3759 ati
292 3705 466 3761 seutentiam
482 3719 613 3761 revocare
628 3705 808 3762 studuerunt.

238 3775 272 3830 47
299 3774 412 3831 Litteras
425 3775 488 3832 istae
502 3775 532 3830 in
548 3775 674 3846 liegestis
690 3792 748 3831 non
763 3775 954 3847 reperiuntur.

240 3847 273 3900 48
302 3846 373 3902 Vide
388 3853 447 3903 nct.
463 3847 498 3900 44
513 3845 663 3917 epistolem
675 3847 693 3900 6
707 3846 772 3901 libri
787 3848 890 3918 quinti.

241 3916 284 3982 40)
301 3915 369 3971 44444
385 3924 443 3972 444.
460 3916 493 3971 44
510 3916 658 3985 epistotam
674 3917 710 3971 20
724 3916 789 3973 libri
805 3919 889 3975 tertii.

228 3919 287 4057 isc)
310 3989 375 4042 Erat
399 3986 423 4042 44
448 3987 640 4044 verisimiliter
664 3987 853 4056 immundus,
879 3989 1015 4048 tiliusse·

192 4057 288 4113 cundo
316 4056 428 4128 genitas
452 4057 609 4113 licemundi
630 4059 778 4115 Antioche
802 4061 939 4133 principis
963 4063 1014 4118 lll.

193 4127 376 4184 boemundus
390 4127 439 4184 ille
452 4129 617 4185 comitatum
632 4128 840 4198 Tripolitanum
856 4147 953 4189 versus
966 4149 1016 4189 an·

192 4214 262 4258 ntum
288 4199 357 4255 4200
383 4207 574 4271 usurpaverat,
598 4202 628 4256 44
643 4200 839 4271 prejudicium
854 4202 1016 4273 liaymuntli

192 4270 308 4341 liupini,
325 4272 437 4342 nepotis
451 4272 505 4334 snt,
522 4271 603 4342 cuius
618 4272 735 4328 tutelam
746 4279 824 4342 pater
842 4275 915 4344 ejus,
939 4279 1014 4346 Ray-

193 4343 318 4398 mundus
341 4357 437 4400 comes
460 4343 507 4398 Tri
530 4343 653 4399 clitanus
678 4341 727 4409 444,
754 4343 839 4402 444444
856 4347 931 4403 idem
947 4347 1013 4405 dicti
1069 4339 1231 4420 tougtcmps
1256 4353 1338 4423 apres
1360 4356 1433 4410 dana
1456 4355 1497 4410 444
1520 4367 1635 4423 guerrea
1656 4352 1756 4408 civiles
1779 4353 1826 4423 qui
1849 4347 1888 4416 ε’]

191 4413 362 4483 neumandi,
378 4413 495 4484 ipseatii
517 4421 620 4470 444444.

230 4483 288 4552 (54)
310 4483 493 4542 Bcemuadus
528 4486 563 4542 44
581 4499 637 4556 quo
652 4500 748 4556 supra,
764 4487 924 4546 antiochie
937 4490 1017 4560 prtu-

194 4569 261 4625 ccps
276 4554 324 4622 lll,
340 4556 473 4612 deiuncto
489 4527 550 4612 litto
564 4571 616 4612 sno
632 4557 820 4628 primogenito
837 4560 1016 4635 lisymundc,

195 4626 225 4681 in
242 4640 436 4684 successorem
451 4642 535 4682 auum
550 4626 714 4697 designasse
729 4629 836 4685 dicitur
858 4633 1017 4706 supinum,

194 4698 356 4770 Raymundi
380 4697 483 4762 hlium,
502 4698 612 4755 tironis
628 4699 687 4771 iqui
703 4698 808 4770 Rupini
824 4700 950 4772 alterius,
964 4713 1016 4764 44.

193 4768 668 4910 ittilittlht⁰tt⁰ttt⁰t⁸
691 4771 1015 4914 atlantiaci

272 4879 279 4903 5
479 4881 487 4903 Ι
653 4882 661 4908 b

193 4909 338 4966 fidelitatis
351 4927 368 4965 a
383 4911 506 4967 subditis
520 4911 650 4970 exbiberi
666 4912 778 4970 iecerat.

229 4983 285 5054 (52)
319 4983 387 5038 Erat
415 4982 458 5038 4444
488 4997 594 5039 nomeu
619 4983 768 5054 Philippus
794 4986 832 5040 du
858 4987 979 5046 Ptessiea
1008 5009 1018 5047 .·

193 5075 208 5104 «
237 5051 425 5126 Philippeia
450 5052 581 5123 Plessiez,
608 5057 644 5110 44
668 5053 753 5112 d'unc
778 5055 885 5114 44444444
908 5060 1019 5120 illustre

193 5124 326 5194 d'hnjou,
349 5125 416 5180 44444
439 5141 476 5180 44
500 5126 660 5196 possession
686 5127 723 5181 du
752 5129 912 5198 tnagistirc,
938 5135 1018 5192 aelon

192 5197 229 5250 44
244 5195 350 5264 Gange,
367 5211 402 5251 cn
419 5196 498 5251 4204.
516 5201 552 5250 La
569 5197 661 5252 meme
677 5199 779 5268 44444,
797 5198 823 5255 44
838 5201 879 5255 444
893 5204 1018 5262 4744444-

194 5267 243 5321 444
257 5269 356 5324 entare
371 5283 426 5324 aux
440 5267 597 5338 Templicrs
610 5265 636 5324 44
653 5269 705 5324 iort
719 5269 836 5338 (leston,
853 5271 927 5330 44444
947 5275 1020 5334 4444

193 5335 221 5392 ln
246 5339 425 5410 principante
448 5339 627 5394 d'tlnticcbc.
652 5339 690 5394 Le
713 5341 803 5410 grand
830 5345 941 5411 mettre,
964 5348 1019 5405 444

1071 1813 1222 1869 secantium
1246 1814 1396 1872 consitium
1422 1815 1621 1889 praedictorum
1635 1822 1858 1893 mapistrorum,
1883 1829 1913 1876 ut

1072 1903 1210 1973 venirent,
1225 1905 1267 1959 vet
1278 1905 1418 1961 mitterent
1428 1904 1605 1965 honorabiles
1614 1911 1641 1966 et
1647 1912 1809 1982 prudentes
1825 1913 1912 1980 uiros,

1071 1995 1102 2047 ut
1116 2007 1179 2047 cum
1189 1995 1229 2049 eis
1243 1993 1395 2051 deliberare
1407 2011 1511 2068 possem
1526 1995 1652 2069 quatiter
1668 1999 1745 2056 mihi
1758 2009 1828 2058 esset
1842 2017 1908 2074 pro·

1070 2080 1219 2138 cedentium
1247 2097 1331 2154 usque
1344 2083 1376 2138 in
1389 2083 1573 2141 Antiochiam.
1592 2085 1662 2143 Cum
1678 2089 1773 2159 igitur
1787 2090 1819 2145 irs
1840 2094 1908 2161 testo

1072 2169 1146 2226 beati
1169 2170 1284 2227 liertini
1309 2171 1366 2244 (54)
1391 2171 1539 2230 intrassem
1576 2175 1727 2234 civitatem
1761 2177 1908 2252 Tripolita-

1070 2275 1148 2329 nam,
1173 2259 1209 2316 od
1237 2276 1316 2332 quem
1343 2261 1416 2318 diem
1443 2271 1471 2320 ct
1499 2262 1589 2320 locum
1603 2273 1651 2321 eos
1666 2283 1842 2335 vocaveram,
1857 2283 1907 2326 nee

1070 2349 1143 2404 mihi
1168 2361 1360 2422 occurrerunt,
1387 2353 1434 2409 sed
1461 2369 1514 2411 nec
1541 2354 1626 2411 etiam
1655 2373 1710 2428 per
1724 2358 1817 2414 nudas
1830 2358 1902 2416 titte-

1070 2439 1903 2516 correspondensaliquiduotuerunt.Laboransaatemuttra

1069 2562 1155 2621 d’unc
1167 2564 1360 2636 impuissencc
1375 2568 1550 2639 reciprocae.
1567 2568 1603 2625 Le
1618 2569 1671 2640 roi,
1689 2571 1764 2628 dans
1790 2569 1900 2628 l’iuter-

1068 2635 1153 2702 ralla,
1167 2637 1267 2693 obesse
1282 2647 1346 2696 tous
1360 2639 1401 2696 les
1415 2639 1574 2711 Templiers
1588 2642 1623 2696 de
1637 2657 1693 2698 son
1710 2658 1857 2713 royeume,
1872 2650 1899 2699 et

1070 2706 1120 2762 tait
1145 2707 1227 2764 444444
1255 2716 1320 2767 4444
1349 2712 1390 2768 444
1419 2709 1500 2766 biens
1526 2710 1611 2781 qu'ils
1635 2715 1899 2785 possedeient,etc.

1069 2776 1112 2832 Du
1127 2779 1251 2836 Pleasiez
1280 2790 1394 2840 mourut
1417 2781 1531 2838 l'annec
1546 2783 1626 2838 1217.
1641 2804 1655 2834 s
1675 2788 1731 2840 Art
1743 2786 1778 2842 de
1792 2785 1900 2856 udrifier

1070 2849 1107 2904 tes
1122 2850 1209 2920 dotes,
1226 2867 1312 2909 uouv.
1329 2854 1410 2925 edit,
1426 2861 1495 2909 tom.
1511 2857 1534 2920 l,
1551 2871 1614 2924 pag.
1626 2855 1694 2912 540.

1103 2919 1160 2992 (53)
1176 2921 1245 2984 Quis
1260 2925 1377 2983 luerunt
1389 2935 1458 2981 tunc
1472 2929 1608 2996 temporis
1623 2925 1783 3000 Hospitalis
1810 2928 1897 2998 magi-

1068 2995 1136 3058 ster,
1167 2995 1266 3051 merito
1294 2998 1389 3054 tarsen
1404 2995 1528 3052 dubitari
1540 3001 1645 3067 posset.
1664 3003 1705 3055 lte
1718 3015 1798 3056 enno
1820 3001 1895 3056 enim

1068 3059 1161 3118 obitus
1190 3067 1327 3136 magistri,
1358 3069 1492 3125 Geuiredi
1518 3068 1554 3123 dc
1575 3067 1667 3126 Douio
1681 3069 1841 3143 (Gaussred,
1861 3084 1895 3126 cu

1068 3131 1216 3204 Godetroid
1243 3141 1278 3196 de
1305 3140 1444 3212 04444444),
1460 3154 1494 3195 44
1508 3137 1627 3210 4444444
1640 3140 1677 3196 de
1701 3158 1779 3199 auno
1794 3158 1850 3211 cuo
1865 3143 1895 3196 in

1067 3203 1146 3260 iliius
1176 3206 1273 3266 locum
1302 3211 1436 3269 44044444
1451 3210 1538 3266 444444
1552 3210 1720 3282 4444444444
1734 3214 1771 3270 44
1786 3213 1896 3270 Lusita-

1067 3275 1227 3405 titii
1242 3282 1742 3412 tlitttsffittittt-..tit't
1761 3285 1896 3412 titii

1068 3424 1151 3474 torno
1178 3423 1204 3476 el
1233 3429 1338 3496 tempo,
1352 3427 1383 3483 in
1395 3398 1442 3484 cui
1457 3395 1644 3482 l'ermata’de’
1660 3373 1896 3484 nuoripcrc'cieti

1067 3489 1177 3546 444444
1204 3496 1368 3567 guigneudo
1398 3513 1430 3554 su
1459 3497 1486 3553 la
1513 3495 1632 3552 riredel
1648 3497 1765 3555 liceiorc
1781 3497 1894 3564 Tmolo,

1067 3557 1116 3642 nol
1146 3563 1291 3638 ridiremo,
1321 3569 1424 3640 poiche
1449 3582 1590 3624 mancono
1619 3569 1627 3622 4
1656 3570 1822 3626 documenti
1846 3583 1894 3638 per

1067 3629 1141 3686 drrto
1169 3649 1224 3693 444
1252 3648 1384 3697 certazea.
1401 3661 1417 3692 »
1444 3640 1557 3696 liemor.
1572 3637 1606 3693 dc
1620 3638 1697 3695 Gran
1726 3642 1832 3696 licestr.
1848 3637 1891 3692 det

1068 3715 1140 3758 socr.
1155 3708 1238 3764 mitit.
1267 3712 1327 3768 ord.
1343 3711 1462 3769 Gerosot.
1480 3719 1547 3769 tom.
1564 3711 1614 3774 lll,
1640 3727 1702 3782 pag.
1719 3713 1783 3767 2l8.
1799 3740 1834 3752 -
1847 3709 1888 3766 44·

1069 3771 1178 3840 pbonsa
1192 3781 1227 3836 44
1242 3780 1385 3853 Portugal,
1401 3783 1486 3855 qu'cn
1500 3785 1574 3839 croit
1587 3782 1658 3851 4444,
1674 3786 1750 3838 meis
1762 3798 1799 3839 an
1817 3781 1891 3852 ligne
1950 3783 1952 3810 ²

1069 3842 1217 3919 indirecte,
1233 3855 1283 3909 444
1298 3856 1411 3923 princes
1425 3858 1460 3910 de
1474 3860 1560 3910 Portu
1581 3850 1619 3922 44,
1635 3868 1671 3908 44
1686 3855 1812 3911 succida
1839 3866 1892 3923 qne

1068 3912 1245 3980 I’au1202au
1258 3925 1321 3994 4444
1333 3926 1383 3994 404,
1393 3934 1421 3983 44
1431 3941 1490 3982 444
1501 3941 1550 3996 444
1560 3869 1611 3978 444
1621 3923 1675 3980 l'au
1688 3926 1770 3994 4494,
1782 3937 1891 3981 comma

1068 4000 1106 4040 on
1122 3985 1149 4044 le
1161 3994 1231 4050 croit
1245 3999 1491 4063 communiment,
1507 4001 1524 4052 a
1542 3996 1681 4064 Gadeircy
1702 3997 1740 4054 44
1757 3996 1889 4053 Dulsson.

1068 4059 1126 4113 Son
1149 4063 1209 4120 4444
1233 4083 1306 4139 4444
1329 4069 1357 4125 la
1380 4071 1512 4134 44444444,
1538 4075 1565 4122 44
1590 4067 1616 4122 44
1636 4066 1756 4124 hauteur
1771 4081 1837 4124 erac
1852 4067 1891 4120 la·
1950 4105 1952 4120 .

1069 4131 1162 4212 quelle
1176 4133 1197 4190 il
1213 4135 1343 4212 4444444,
1361 4137 1402 4195 444
1425 4141 1571 4195 4444444444
1586 4136 1637 4193 444
1658 4138 1888 4204 44444444444444,
1951 4181 1952 4194 .

1069 4214 1118 4269 qur
1134 4203 1311 4277 l'obligereut
1326 4213 1384 4267 444
1397 4213 1537 4268 demetiae
1554 4207 1608 4264 l'en
1624 4209 1703 4264 4204.
1721 4211 1744 4266 44
1760 4215 1891 4266 44444444

1069 4279 1180 4332 ensuite
1204 4279 1277 4336 4444
1299 4297 1330 4338 44
1350 4285 1451 4355 444444,
1477 4281 1513 4338 cir
1534 4280 1593 4336 l'ou
1606 4281 1725 4350 4444444
1741 4279 1809 4352 qu’il
1822 4276 1889 4349 44444

1029 4411 1057 4478 D
1073 4414 1223 4476 iterarent.
1248 4423 1287 4480 04
1311 4425 1358 4495 qni
1375 4427 1466 4496 parsit
1479 4424 1596 4490 certain,
1613 4420 1680 4478 c'est
1694 4421 1794 4496 qu'ily
1810 4435 1889 4477 mcu-

1072 4495 1127 4554 rut‚
1148 4490 1259 4549 suivant
1279 4510 1329 4550 acu
1353 4496 1495 4568 epitepbe,
1520 4495 1547 4550 44
1571 4495 1694 4565 premier
1717 4508 1792 4551 mars
1812 4491 1886 4548 4245.

1071 4559 1239 4642 -ticoil'rcy
1255 4564 1281 4621 le
1295 4567 1379 4634 lietb,
1396 4582 1431 4623 ou
1449 4568 1474 4622 le
1485 4566 1547 4633 liet,
1559 4565 1726 4657 originales,
1737 4567 1887 4635 accqu’cu
1950 4605 1952 4620 .

1071 4639 1153 4698 crort,
1164 4635 1199 4688 de
1213 4635 1415 4706 Taureine,tot
1430 4637 1579 4706 substitue,
1594 4641 1650 4692 lan
1665 4633 1887 4708 1204‚eugrand

1071 4705 1172 4758 mettre
1186 4705 1342 4776 stpbeuse.
1356 4709 1453 4765 G'itait
1468 4725 1506 4765 un
1531 4709 1645 4764 homme
1668 4707 1817 4764 venerabis
1840 4717 1887 4774 per

1072 4788 1122 4828 444
1139 4775 1190 4845 age
1204 4786 1231 4832 et
1246 4795 1295 4848 444
1310 4780 1339 4836 44
1353 4782 1479 4838 4444444
1493 4782 1528 4835 44
1538 4794 1589 4836 444
1599 4783 1752 4836 caractere.
1764 4779 1802 4834 44
1813 4791 1885 4833 ccm-

1072 4855 1254 4904 menocmeut
1276 4851 1311 4906 de
1334 4867 1387 4908 sou
1410 4852 1567 4919 ministare,
1590 4851 1610 4905 44
1630 4865 1661 4906 se
1674 4850 1777 4922 inignit
1791 4863 1824 4906 au
1857 4861 1886 4900 a·

1072 4917 1194 4974 444444444
1208 4921 1243 4975 44
1256 4922 1413 4980 ierusalem
1449 4938 1501 4980 cur
1522 4924 1721 4980 accommodes
1744 4922 1784 4977 444
1806 4863 1885 5004 4444-

1070 4991 1158 5044 rende
1172 4991 1211 5045 du
1228 4993 1327 5062 prinae
1340 4994 1508 5052 d’Antrccbe
1522 4999 1552 5050 ct
1566 4993 1603 5050 44
1619 4993 1662 5049 444
1673 4992 1841 5055 d'llrmbnre,
1851 5003 1885 5068 eu
1950 5055 1952 5070 ⁴

1071 5058 1137 5186 paci
1162 5061 1181 5144 44
1208 5065 1320 5121 rcussit.
1346 5065 1369 5120 ll
1384 5071 1502 5123 mourut
1516 5063 1572 5120 l'en
1587 5064 1667 5133 4207,
1683 5065 1765 5136 44444
1780 5064 1804 5121 44
1818 5071 1887 5118 mors
1922 5113 1925 5120 .

1091 5147 1106 5186 θ
1124 5147 1150 5186 m
1183 5175 1189 5188 ,
1210 5155 1224 5183 rt
1951 5153 1952 5166 ¹

1108 5147 1251 5284 4444414444
1278 5207 1460 5264 doctissimus
1488 5214 1586 5263 auctor
1619 5207 1714 5278 operis
1746 5215 1885 5329 nuupuam

1072 5281 1140 5330 setrs
1165 5276 1281 5348 laudati,
1308 5281 1354 5335 cni
1377 5281 1482 5336 titulus
1503 5279 1569 5335 t'Art
1582 5277 1739 5350 4444444444
1754 5275 1792 5332 tea
1822 5281 1884 5336 atcs,

1073 5346 1140 5402 4444.
1158 5363 1257 5416 naun,
1273 5357 1342 5407 torn.
1358 5350 1380 5420 l,
1398 5368 1460 5423 pag.
1475 5351 1539 5407 547.
1560 5349 1626 5418 Sed,
1644 5365 1708 5405 mor
1725 5345 1884 5407 vicetinus.

194 5407 275 5476 4202,
292 5409 342 5464 iait
357 5409 492 5480 44444444
508 5410 533 5464 44
549 5411 706 5465 beauceant
721 5410 890 5481 (l’itendnrd
907 5418 941 5471 de
956 5418 1021 5476 l'cr-
1074 5430 1142 5472 nuru
1159 5418 1194 5474 dc
1219 5423 1319 5478 martie
1341 5422 1487 5479 Gausircdi
1513 5423 1548 5480 de
1573 5421 1674 5488 banio,
1699 5415 1886 5498 Alpbcneitpue

195 5479 356 5560 44444444
370 5481 479 5548 obliger
494 5497 527 5536 ce
541 5483 642 5554 prinae
657 5485 672 5536 4
688 5483 820 5538 restituer
835 5483 1019 5557 taphneos

1074 5491 1104 5543 44
1130 5489 1191 5559 ejus
1212 5491 1309 5549 locum
1333 5493 1509 5551 subactionis
1527 5499 1654 5562 tempora
1667 5490 1774 5564 aliquid
1787 5495 1886 5547 certius
1951 5503 1952 5522 t

195 5558 329 5607 conruent
354 5553 466 5609 ensuite
486 5552 573 5608 d’une
588 5553 758 5623 suspensicn
774 5553 896 5613 d’armes
907 5560 1021 5634 jusqu'a
1075 5575 1110 5617 ex
1127 5568 1225 5618 nostra
1239 5563 1394 5636 legatorum
1409 5564 1528 5638 epistole
1542 5563 1603 5622 erui
1618 5565 1717 5635 possit.

194 5619 325 5679 l’arrlrie
349 5621 399 5679 des
421 5621 517 5695 legata
543 5623 620 5682 Getta
641 5624 812 5684 conventicu
841 5627 910 5686 44444
935 5630 1021 5691 l'etlet
1112 5630 1167 5706 (54)
1192 5631 1244 5692 Dic
1270 5636 1424 5694 undecima
1443 5635 1551 5694 4444444
1572 5625 1892 5695 novembrium-1²02·
