3956 6056
201 213 250 269 eri
702 213 903 274 innocuum
921 213 960 269 ru
978 214 1034 269 re.
1054 159 1290 270 uecmronuu
1309 195 1375 272 us.
1395 214 1418 268 1.
1674 221 1682 226 ·
1841 109 1909 294 eal

200 355 291 398 causa
301 339 506 397 adificatIonis
516 343 546 396 et
554 355 655 397 amore
665 337 828 413 spiritualis
840 335 1021 394 reiectionis.
1036 338 1066 406 Α
1080 336 1231 406 monachi,
1244 352 1282 394 ne
1297 336 1495 409 procederent
1512 337 1545 394 in
1570 337 1764 406 causatum
1782 341 1886 400 amissis
1907 307 1910 396 l

202 429 391 502 Coepertoria
401 446 469 485 vero
481 429 649 485 inordinata
660 429 758 486 abbati
772 433 801 484 et
811 427 966 484 monachis
978 427 1025 482 in·
1080 425 1189 482 litteris
1205 426 1340 498 Impediti
1358 441 1364 480 :
1381 425 1461 481 unde
1476 423 1590 482 dietum
1606 427 1813 484 monasterium
1834 447 1885 488 uon
1909 410 1911 498 l

200 513 338 572 bibemus
353 521 383 573 et
391 517 565 573 auctoritate
577 533 635 590 qua
645 517 797 590 fungimur
809 517 942 572 districte
952 533 1025 588 pre·
1079 513 1197 570 modica
1211 515 1323 586 patitur
1334 513 1522 570 detrimenta.
1540 514 1682 570 Nolentes
1697 515 1783 590 igitur
1793 519 1887 574 morbi·

200 605 327 678 cipimus
338 622 375 662 ne
386 605 477 662 abbas
487 606 532 662 vel
542 606 650 678 alians
660 606 785 662 fratrum
797 605 877 661 intus
887 604 932 660 vel
943 609 1025 660 extra
1079 603 1150 660 dum
1165 603 1292 676 pastoris
1305 603 1485 676 exemplum,
1500 619 1621 678 gregem
1642 604 1697 660 sibi
1712 606 1887 666 commissum

200 695 418 766 coopertorium
430 695 538 752 habeat
547 695 605 750 nisi
617 695 653 751 de
664 696 737 752 catis
747 695 792 750 rel
807 694 962 767 agniculis,
974 697 1026 749 ant
1079 691 1201 760 dessere,
1209 709 1339 748 neceum
1348 692 1547 749 iucorrectum
1558 708 1626 748 esse
1635 709 1689 764 per
1698 693 1780 766 cujus
1789 695 1835 752 alii
1845 696 1887 752 de·
1912 703 1914 786 ι

200 782 347 856 vulpibus.
363 785 555 856 Praecipimus
571 785 661 841 etiam
676 789 709 840 ut
723 800 790 840 cum
802 782 839 839 de
851 782 941 838 rebus
955 797 1023 839 mo·
1078 780 1152 836 bent
1166 781 1273 853 corrigi
1301 781 1501 854 disciplinam,
1518 781 1695 838 discretioni
1722 787 1820 839 restria
1845 801 1889 856 per
1914 806 1915 876 ι

200 873 323 930 nasterii
338 878 464 929 tractare
478 873 616 942 voluerit,
630 874 755 929 consilio
773 873 897 930 fratrum
913 875 1023 942 utatur,
1079 869 1242 942 apostolica
1257 869 1367 942 scripta
1381 869 1559 926 mandamus
1575 875 1725 942 quatenus
1743 870 1779 928 ad
1793 873 1890 946 Burgu-
1915 906 1916 950 ι

194 962 282 1036 juxta
294 961 368 1017 illud
384 963 532 1035 Sapientis
549 964 666 1020 :Oronte
688 961 734 1018 Iac
755 962 950 1028 cumconsilio,
966 967 1022 1020 eto·
1079 958 1150 1014 lien.
1166 958 1328 1015 Ecclesiam
1344 958 1454 1031 pariter
1465 959 1655 1028 accedentes,
1667 965 1728 1016 tem
1739 960 1890 1018 intrinsecis
1916 1006 1917 1030 ,

198 1051 290 1124 (Prou.
302 1068 363 1120 xm,
380 1054 423 1120 to,
440 1052 496 1123 to.)
512 1051 676 1107 Suademus
692 1051 781 1106 etlam
810 1055 853 1118 ut,
870 1051 901 1105 in
929 1067 1025 1122 quan·
1079 1062 1168 1118 quam
1184 1047 1359 1104 extrinsecis
1371 1047 1409 1103 ad
1424 1047 1627 1104 vosiratribus
1642 1051 1816 1117 convocatis,
1827 1051 1891 1106 reri·

199 1143 262 1197 tum
277 1139 396 1212 poterit,
405 1138 523 1196 studeat
534 1140 638 1195 vitium
649 1139 787 1195 elationis
797 1138 898 1212 lugere
917 1140 1026 1196 memi-
1079 1141 1139 1192 tate
1155 1152 1245 1208 super
1258 1141 1337 1192 statu
1352 1141 1381 1192 et
1395 1137 1499 1194 ordine
1515 1137 1692 1194 monasterii
1708 1143 1738 1194 et
1749 1137 1837 1210 ipsius
1850 1138 1892 1194 ab·
1917 1133 1918 1152 ³

198 1229 335 1300 neritque
365 1229 509 1301 scriptum
526 1245 532 1283 :
550 1231 686 1284 hectorem
700 1233 725 1283 te
738 1231 944 1286 coristitueruut.
959 1231 1024 1285 Esto
1079 1223 1156 1280 batis
1171 1223 1430 1282 administratione
1445 1225 1600 1300 asingulis
1612 1228 1893 1299 seorsum,proutEc·
1918 1204 1919 1250 ¹

196 1317 228 1372 in
243 1318 309 1384 illis,
326 1319 405 1390 quasi
432 1333 504 1374 unus
532 1335 567 1374 ee
594 1319 651 1374 illis
668 1317 916 1388 (Eccti.1xxu,l).
934 1318 1025 1374 Volu-
1080 1312 1178 1368 clesiae
1193 1309 1334 1370 noveritis
1347 1314 1496 1385 expedire,
1510 1313 1688 1387 diligentius
1716 1314 1860 1387 inquisita,
1873 1316 1891 1370 si
1919 1302 1920 1346 ι

197 1421 263 1462 mus
279 1411 425 1478 praeterea
439 1411 470 1462 et
484 1421 573 1462 causa
597 1405 766 1462 dilectionis
787 1406 978 1478 precipimus
992 1413 1026 1464 ut
1080 1400 1199 1472 culpam
1211 1401 1380 1473 impositam
1390 1402 1421 1456 in
1432 1401 1722 1460 abbatemnoveritis
1731 1402 1892 1470 redundare,
1920 1402 1921 1440 l

197 1493 255 1549 duo
267 1493 302 1549 de
317 1493 469 1561 tratribus,
481 1495 532 1566 qui
546 1494 667 1551 discreti
683 1495 744 1550 sint
755 1499 785 1549 et
799 1493 870 1549 boni
888 1495 1023 1550 testimo·
1081 1506 1220 1546 excessus
1226 1490 1291 1561 ejus
1299 1495 1380 1547 tanto
1393 1488 1555 1548 districtIus
1570 1492 1716 1563 puniatis,
1727 1497 1833 1564 quanto
1847 1492 1892 1548 sibi
1921 1500 1922 1524 ι

197 1583 250 1651 nii,
262 1581 388 1656 stugulis
402 1582 489 1638 annis
498 1583 529 1638 in
540 1583 645 1655 majori
658 1581 788 1655 capitulo
800 1583 958 1656 eligantur,
973 1581 1024 1656 qul
1081 1577 1117 1634 ab
1128 1577 1298 1635 excessibus
1314 1579 1344 1634 iu
1360 1579 1500 1651 pastorali
1512 1579 1717 1638 sollicitudine
1730 1581 1838 1653 posttus
1851 1580 1893 1636 de·

196 1671 234 1728 ad
249 1671 314 1730 loca
324 1673 497 1729 monasterii
511 1674 605 1729 semel
616 1672 783 1730 etsecundo
793 1674 1024 1743 accedentes,de
1081 1667 1196 1724 buissel
1208 1667 1337 1739 amplius
1352 1667 1535 1740 precavisse·
1550 1669 1580 1725 Si
1595 1685 1665 1726 vero
1690 1668 1780 1726 iidem
1802 1669 1893 1724 trabes

196 1761 255 1816 rita
269 1765 298 1816 ei
313 1765 391 1817 statu
405 1762 622 1818 monachorum
630 1761 788 1836 diligenter
798 1767 1024 1834 perscrutentur
1079 1755 1404 1813 veniabileslimonium
1414 1758 1570 1814 renuerim
1579 1757 1751 1831 perhibere,
1761 1757 1796 1816 ed
1805 1757 1893 1814 verite

199 1853 229 1904 st
242 1864 308 1920 que
322 1848 499 1922 corrigenda
512 1848 640 1906 viderint
652 1849 698 1904 rel
719 1849 777 1921 ipsi
804 1850 955 1923 corrigant
978 1853 1024 1908 vel
1079 1845 1117 1901 tis
1128 1845 1714 1918 assertIonemavobis,quemadmodum
1718 1847 1831 1922 justum
1840 1847 1893 1902 tue·

199 1934 298 1992 abbati
312 1941 342 1991 et
355 1935 484 2008 capitulo
499 1936 673 2010 corrigenda
685 1937 865 2009 relinquent.
882 1938 1024 1996 Volumus
1078 1933 1128 2002 ιιι,
1144 1933 1372 2006 compellantur.
1390 1935 1590 1992 Nihilominus
1605 1936 1698 1992 etlam
1714 1936 1746 1992 in
1768 1933 1892 1992 iratribus

199 2025 290 2081 etiam
305 2024 504 2096 decanos,qui
516 2025 612 2082 eidem
629 2026 810 2082 monasterio
828 2026 942 2083 utiliter
955 2044 1025 2100 pro·
1078 2024 1183 2078 vestris
1195 2024 1218 2080 si
1229 2023 1330 2095 aliqua
1339 2023 1471 2080 videritis
1484 2023 1685 2094 emendanda,
1700 2040 1766 2097 qua
1780 2024 1811 2082 in
1823 2021 1893 2078 darn·

197 2113 327 2180 rideant,
337 2112 374 2168 ab
388 2111 494 2169 abbate
509 2113 685 2186 ceterisque
699 2114 840 2170 fratribus
847 2115 933 2187 juxta
946 2117 1024 2173 anti-
1079 2127 1152 2168 num
1162 2113 1300 2169 Ecclesia
1314 2112 1359 2170 rel
1372 2113 1486 2169 ordinis
1496 2113 1722 2171 inhonestatem
1733 2109 1894 2185 possintsli·

198 2201 1024 2274 quamconsuetudineminstitui.Probibemusetiamne
1080 2202 1893 2277 quatenusdenotari,auctoritateapostolicacorrigatis.

198 2290 262 2364 ipse
278 2289 370 2347 abbas
385 2289 497 2363 absque
512 2306 637 2346 assensu
653 2290 774 2362 capituli
791 2292 836 2348 sui
850 2292 928 2349 ultra
942 2309 1024 2350 sum·
1080 2291 1117 2348 Ut
1128 2296 1228 2348 autem
1243 2292 1385 2350 honestas
1397 2292 1513 2350 ordinis
1528 2293 1559 2349 iu
1570 2293 1709 2366 ejusdem
1716 2293 1848 2350 Ecclesia
1857 2290 1896 2348 ab·

200 2393 280 2435 mam
295 2378 397 2434 dacem
412 2378 558 2435 librarum
571 2379 759 2453 andegaven.
772 2385 875 2437 mutuo
888 2381 1023 2454 accipiat.
1079 2378 1180 2436 butem
1195 2385 1225 2437 et
1238 2381 1401 2438 monachos
1416 2381 1522 2438 lortius
1537 2379 1895 2454 imprimatur,institutio·

198 2465 281 2533 Quod
293 2467 319 2522 si
333 2466 370 2522 ab
385 2467 449 2538 ipso
459 2472 674 2540 praesumptum
689 2468 788 2537 inerit,
800 2469 838 2526 ad
847 2469 1025 2527 solutionem
1080 2486 1149 2526 nem
1162 2473 1226 2538 ate,
1236 2469 1413 2528 venerabliis
1427 2470 1678 2528 irateriledonen.
1688 2471 1896 2543 episcopatum

200 2555 280 2612 ultra
294 2555 407 2628 accepti
422 2554 515 2612 debiti
531 2556 667 2614 volumus
689 2573 749 2612 uon
764 2559 870 2614 teneri.
887 2559 1027 2632 Praecipi-
1080 2560 1229 2616 bonorum
1244 2560 1375 2616 virorum
1392 2559 1526 2617 consiliis
1540 2561 1724 2630 ordinatam,
1740 2563 1771 2616 et
1783 2555 1897 2615 auctori·

200 2659 267 2699 mus
278 2643 368 2699 etiam
379 2647 412 2698 ut
422 2641 480 2699 duo
493 2643 599 2699 fratres
609 2644 694 2700 bone
705 2645 771 2700 vitre
784 2650 943 2702 etmaturae
955 2651 1026 2702 uta·
1080 2653 1141 2706 tate
1153 2647 1239 2706 bonas
1254 2649 1406 2706 memorie
1419 2651 1467 2718 ll„
1477 2648 1556 2705 tituli
1567 2645 1897 2706 sanctornmioanniset

202 2732 240 2788 tis
248 2731 378 2805 sigillum
387 2731 509 2803 capituli
521 2732 690 2790 custodiant
699 2749 755 2789 nec
766 2733 833 2790 ideo
844 2734 957 2806 aliquid
968 2736 1026 2792 nisi
1080 2741 1165 2799 Pauli
1181 2741 1346 2813 presbyteri
1362 2739 1532 2808 cardinalis,
1545 2745 1616 2797 tuuc
1629 2739 1776 2813 temporis
1789 2739 1895 2810 aposto·

201 2817 239 2876 de
251 2819 403 2876 communi
417 2835 543 2876 assensu
556 2821 687 2894 sigillent
697 2826 799 2893 atquae
811 2823 842 2878 in
853 2838 888 2879 eo
900 2823 1028 2897 sigillata
1080 2827 1146 2884 lieae
1163 2827 1242 2884 sedis
1258 2828 1358 2901 legati,
1373 2827 1494 2899 provide
1513 2826 1746 2901 promulgatam,
1761 2839 1826 2882 cum
1839 2820 1895 2878 aliis

201 2925 262 2965 nou
278 2909 454 2964 contlrmata
468 2909 662 2978 sunt,abbate
672 2911 770 2983 ipsum
780 2910 976 2980 detinentem
987 2913 1028 2968 ir·
1081 2915 1168 2972 bonIs
1180 2920 1211 2971 et
1224 2914 1396 2989 approbatis
1409 2915 1672 2973 constitutionibus
1685 2914 1799 2972 iacietis
1814 2909 1896 2967 Inuo-

201 2997 292 3054 rItum
307 3001 492 3054 revocentur.
506 2997 702 3054 Prohibemus
717 2998 806 3054 etiam
821 3005 854 3055 ut
866 3000 942 3056 nulli
960 3017 1027 3074 per·
1081 3004 1211 3062 labiliter
1221 2995 1589 3062 observariltibilominus
1604 3004 1634 3060 in
1651 3002 1785 3062 debitum
1800 3003 1896 3058 statum

203 3089 283 3141 sona
292 3084 350 3141 duo
366 3083 466 3141 oiilcia
476 3086 711 3157 committantur,
720 3087 778 3143 nisi
789 3089 966 3146 necessitate
977 3106 1027 3146 ur·
1040 3065 1067 3134 G
1081 3095 1191 3168 appell.
1215 3094 1379 3168 postposita
1401 3093 1578 3152 reducentes
1605 3092 1755 3167 quidquid
1780 3090 1815 3148 ab
1843 3089 1896 3160 ipso

201 3178 288 3246 geute
299 3173 345 3230 rel
357 3189 447 3230 cause
457 3175 616 3232 eminentis
627 3175 897 3242 utilitatis.Quodsi
911 3177 947 3234 ab
963 3179 1027 3251 ipso
1078 3184 1186 3241 abbate
1214 3184 1260 3240 val
1275 3199 1293 3240 a
1307 3184 1368 3240 suIs
1398 3188 1467 3256 post
1493 3183 1731 3257 appellationem
1756 3177 1897 3240 adsedem

202 3260 309 3317 abbate
324 3266 539 3335 presumptum
554 3268 609 3332 est,
622 3263 652 3319 iu
665 3263 783 3321 irritum
793 3272 955 3324 revocetur.
972 3268 1028 3324 De·
1081 3273 1276 3346 apostolicam
1290 3272 1420 3346 legitime
1434 3273 1641 3346 interpositam
1658 3274 1690 3330 In
1704 3265 1897 3346 prejudicium

203 3349 354 3406 Gefflifflus
367 3366 447 3424 0¹8⁰,
463 3356 519 3407 θῑῦ·
1082 3363 1214 3435 ipsorum
1225 3362 1439 3418 monachorum
1449 3365 1560 3420 temere
1568 3363 1713 3419 noveritis
1723 3359 1896 3417 attentatum·

239 3439 358 3509 ilatum,
372 3444 442 3510 etc,
457 3440 547 3496 Nonis
562 3441 641 3498 tulii.
1082 3450 1231 3508 Provisuri
1243 3451 1376 3519 ne‚sicut
1389 3449 1562 3524 frequentor
1575 3449 1754 3520 audiemus,
1772 3438 1898 3504 monachi

554 3540 682 3596 CCCllll.
1082 3540 1230 3596 malitiose
1245 3539 1418 3612 procedant,
1430 3556 1490 3596 non
1501 3557 1567 3612 quae
1577 3541 1646 3596 iesu
1659 3531 1896 3602 consessuque

203 3643 343 3698 sriscoro,
362 3645 388 3684 e.
416 3643 629 3698 sucumracouo,
656 3645 688 3686 ur
716 3647 824 3688 recuso
850 3648 884 3689 oa
911 3649 1029 3690 winouu
1083 3629 1578 3700 suasuntconsequantur.Testes,
1592 3615 1897 3702 etc.,cogantur.llul·

549 3732 685 3774 renouari.
1084 3717 1121 3773 lIs
1135 3715 1243 3771 litteris
1254 3715 1361 3772 harum
1369 3721 1473 3773 tenore
1487 3717 1586 3786 tacito,
1596 3721 1652 3774 etc.
1663 3716 1748 3785 Quod
1758 3715 1782 3771 si
1793 3723 1896 3772 omnes·

338 3804 468 3875 Eiusdem
481 3808 637 3875 argumenti
649 3822 710 3862 cum
720 3808 896 3878 precedenti.
1084 3809 1153 3870 etc..
1168 3808 1210 3873 tu,
1225 3803 1317 3860 irater
1331 3804 1478 3877 episcope,
1494 3821 1562 3861 cum
1577 3821 1681 3864 eorum
1696 3806 1800 3872 altero,
1816 3803 1867 3856 ete.

471 3895 595 3961 (Rome,
609 3899 640 3949 ut
658 3895 766 3966 supro.)
1121 3894 1227 3950 linium
1237 3894 1349 3960 Rome,
1363 3898 1408 3950 etc
1423 3935 1430 3964 ,
1445 3899 1476 3950 et
1489 3909 1584 3966 mpre.

240 3980 422 4037 Constitutus
433 3979 464 4035 in
475 3981 635 4052 presentis
645 3982 883 4040 nostradilectus
894 3983 1033 4041 Lamber-
1427 3983 1566 4039 CCCXIII.

204 4073 252 4125 tns
275 4068 439 4125 monachus
464 4069 636 4143 burgulien.
653 4086 707 4127 sua
736 4072 823 4128 nobis
847 4074 1034 4144 querimonia
1120 4089 1147 4127 n.
1168 4086 1433 4140 ancairnnsnrmno,
1452 4087 1480 4128 n.
1499 4087 1634 4129 noiomo
1653 4083 1824 4135 scuouaauu,
1842 4077 1871 4120 rr

204 4157 364 4215 declaravit
377 4155 458 4229 quod
487 4173 555 4214 curn
570 4173 587 4214 a
601 4157 698 4215 ieliois
727 4158 942 4220 recordationis
969 4164 1034 4220 Coe-
1138 4179 1163 4218 r.
1175 4177 1208 4218 ns
1227 4176 1289 4218 vico
1308 4175 1444 4218 maurico
1464 4177 1488 4216 s.
1499 4177 1682 4218 suarnaorsnr
1705 4170 1852 4219 ιιτιιιιιιιιιι.

204 4248 271 4304 last.
287 4263 364 4320 papa
377 4245 600 4320 predecessore
614 4253 715 4304 nostro
732 4265 822 4322 super
843 4267 940 4308 cause
967 4269 1034 4324 quas
1228 4250 1261 4306 lit
1276 4249 1385 4306 decime
1403 4263 1462 4307 suae
1480 4251 1607 4306 Ecclesia
1621 4250 1773 4307 solvuntur.

205 4338 285 4394 Inter
298 4336 397 4408 ipsum
414 4335 443 4391 L.
460 4340 489 4392 et
503 4336 537 4391 ll.
554 4337 718 4394 monachos
745 4353 781 4393 cx
804 4352 867 4396 una
894 4345 989 4411 parte,
1005 4342 1036 4398 et
1341 4337 1656 4412 (uocauerunt.)

207 4427 260 4498 ily.
274 4423 412 4482 abbatem
437 4424 607 4498 burgulien.
623 4441 659 4482 ex
682 4425 777 4484 altera
799 4428 978 4498 vertebatur,
994 4429 1072 4496 deD
1123 4428 1197 4500 (tlt)
1213 4428 1286 4483 Cum
1309 4427 1473 4500 apostoliea
1497 4428 1593 4497 sedes,
1609 4428 1656 4484 cui
1680 4427 1752 4484 lIcet
1769 4411 1899 4479 immeriti

207 4511 421 4584 dilapidatione
434 4511 580 4570 bonorum
595 4513 734 4571 Ecclesia
760 4530 821 4572 sue
849 4521 880 4573 et
904 4517 970 4574 aliis
997 4519 1029 4575 in
1083 4516 1289 4588 presidemus,
1300 4516 1445 4573 universis
1455 4533 1509 4589 per
1519 4517 1621 4574 orbem
1631 4514 1770 4574 Ecclesiis
1780 4525 1838 4568 non
1849 4505 1898 4560 bu·

209 4600 322 4673 quibus
347 4600 485 4658 abbatem
506 4603 645 4674 jamdicti
673 4604 811 4661 monachi
840 4605 1026 4678 impetebant
1089 4604 1352 4662 manaseddirina
1367 4593 1899 4678 sitinsdtutioneprelata,justumesl

206 4689 245 4748 ad
272 4689 398 4746 dilectos
424 4689 502 4746 illios
525 4690 784 4762 VindocInensem,
801 4693 837 4750 de
852 4696 993 4753 Persenia
1007 4689 1037 4773 ιζ
1090 4693 1305 4749 etconreuiens
1315 4693 1394 4751 utad
1405 4699 1631 4766 eam,tanquam
1645 4694 1682 4750 ad
1695 4692 1859 4766 magistram
1872 4681 1897 4734 el

206 4777 243 4836 de
259 4778 398 4834 busseria
410 4777 534 4834 abbates
549 4779 665 4836 litteras
678 4781 897 4854 impetrassent,
913 4801 967 4857 per
988 4786 1037 4842 In·
1090 4786 1215 4838 matrem
1227 4797 1316 4854 super
1325 4781 1448 4838 diversis
1453 4783 1532 4856 juris
1540 4782 1672 4840 articulis
1682 4781 1845 4840 referantur
1854 4769 1899 4826 du·

206 4867 297 4924 sidias
313 4867 429 4938 decepti
444 4866 581 4935 latentes,
598 4885 664 4925 cum
679 4869 717 4925 ud
733 4871 929 4928 Vindocinen.
945 4873 1035 4932 abba·
1089 4870 1144 4926 biu
1171 4870 1369 4943 quaestionem
1398 4877 1545 4944 quatenus
1571 4889 1637 4945 quai
1661 4871 1733 4945 jura
1746 4858 1898 4928 consuluit,

205 4963 265 5014 tem
284 4957 445 5024 venissent,
461 4961 495 5011 ut
510 4955 537 5012 ei
549 4973 618 5013 suas
632 4958 746 5016 litteras
763 4960 945 5030 exhiberent,
961 4963 1035 5034 ipsis
1090 4959 1193 5016 eadem
1204 4975 1322 5032 quoque
1329 4959 1400 5032 jura
1409 4959 1572 5034 dIstInguat
1583 4977 1590 5016 ι
1601 4977 1639 5017 ne
1650 4977 1716 5033 quus
1728 4959 1837 5018 diversa
1846 4963 1900 5004 cer·

204 5047 312 5102 litteris
327 5045 484 5117 aquodam
500 5045 595 5100 milite
608 5053 732 5116 cognato
753 5050 798 5104 sui
816 5049 931 5106 abbatis
958 5051 1035 5107 Intra
1089 5053 1201 5104 nuntur
1226 5049 1383 5104 videantur
1408 5048 1530 5106 adversa
1555 5051 1642 5120 Saue,
1667 5049 1744 5107 sicut
1770 5061 1804 5102 ex
1829 5039 1900 5096 litte-

204 5134 336 5192 claustra
351 5133 548 5190 vindocinen.
565 5136 739 5190 monasterii
753 5136 874 5193 suerunt
889 5154 943 5210 per
967 5139 1033 5194 rio·
1089 5139 1130 5194 rIs
1153 5138 1257 5193 vestris
1280 5138 1459 5208 accepimus,
1476 5153 1543 5194 cum
1572 5155 1607 5195 ex
1635 5155 1696 5196 una
1720 5140 1800 5211 parte
1827 5121 1900 5196 oapi-

205 5222 328 5280 lentiam
346 5223 474 5296 spoliati,
487 5227 567 5291 ct,ut
580 5225 708 5278 asseruit
723 5226 862 5296 prelatus
877 5227 1034 5294 l..,cumin
1089 5226 1184 5282 tulum
1217 5225 1315 5281 Sancti
1344 5226 1486 5298 Stephani
1513 5233 1540 5282 ct
1571 5227 1732 5300 capitulum
1758 5223 1793 5279 de
1820 5213 1897 5274 Salis,

207 5327 298 5368 manu
312 5312 476 5386 prescripti
491 5311 608 5368 abbatis
624 5313 818 5371 vindocinen.
835 5315 906 5388 ipsos
927 5315 1033 5372 litteras
1089 5332 1124 5371 ex
1137 5315 1230 5371 ultera
1244 5315 1382 5370 monachi
1402 5315 1437 5371 de
1464 5317 1570 5373 Protea
1594 5333 1683 5389 super
1703 5312 1814 5372 decima
1832 5315 1897 5375 qud·

207 5397 336 5456 luissent
349 5406 452 5472 postea
466 5401 622 5476 resignatus
635 5407 664 5456 et
678 5401 716 5458 ab
732 5419 766 5458 oo
791 5403 930 5472 detentae,
941 5404 1033 5460 iidem
1088 5403 1156 5460 dam
1171 5419 1260 5476 quam
1276 5419 1294 5459 a
1308 5405 1463 5485 monacbis
1487 5405 1559 5477 ipsis
1581 5405 1722 5477 petebant
1734 5405 1765 5459 in
1778 5396 1897 5454 restrum

244 5524 316 5595 tili)
331 5524 399 5594 Cap.
414 5525 481 5581 Cum
496 5525 644 5596 apostolico
658 5526 741 5582 sedes.
759 5527 799 5582 lle
814 5527 860 5584 bis
875 5543 941 5600 que
958 5527 1034 5586 stunt
1048 5528 1169 5602 praelato
1185 5527 1251 5585 sine
1267 5545 1356 5586 seusu
1372 5527 1504 5601 capituli.
