3952 6056
75 299 125 356 in
406 273 409 285 '
597 299 851 360 roarrrrolrus
868 300 965 358 ιιιιο
983 301 1006 366 ι.
1026 300 1166 358 cnarsrr
1186 301 1265 358 rios.
1736 304 1788 359 ru

74 421 259 481 scandalum
273 429 303 482 et
311 441 368 498 pax
377 425 457 484 inter
468 443 519 482 vos
534 430 563 483 et
579 425 739 485 concordia
756 426 846 500 plena
858 427 950 496 ιιι-Α
965 425 1789 502 otu.Signiilcastissiquidemnobisquodadimplendum

76 515 242 588 gnavit3ns
251 515 840 589 exreceptionetaliumconcordiavestra
850 522 909 574 tur·
962 515 1039 572 illud
1053 516 1268 589 apostolicum:
1283 517 1328 573 Ab
1340 517 1510 586 omnispeoic
1524 516 1788 574 autoobstiaeteuos

77 606 261 678 betur‚quid
276 605 312 663 de
326 605 373 662 his
387 605 434 662 vel
445 607 524 676 aliis,
536 623 610 680 qnos
622 607 786 664 secundum
799 613 909 664 statuta
961 608 990 677 (l
1004 606 1093 664 Thess.
1110 623 1138 673 v,
1155 605 1211 678 22),
1234 605 1271 662 ad
1295 604 1518 678 reprimendum
1542 621 1575 662 os
1598 605 1786 677 loquentium

75 695 418 753 vestriordinisavestro
429 696 909 754 consortioamovistisreldnxeri·
961 694 1075 767 iniqua,
1089 695 1139 767 qui
1152 693 1565 768 detractionibusgloriantur,
1577 694 1786 766 etopiuionem

78 783 153 840 tisin
170 790 328 857 posterum
343 785 533 856 amovendos,
542 786 732 843 statuendum
742 785 832 842 luerit
842 802 908 842 ves-
957 785 1108 857 justorum
1125 784 1261 839 nituntur
1275 782 1481 855 multipliciter
1495 782 1650 852 infamare,
1667 783 1739 841 olim
1754 784 1786 842 in

77 873 318 932 trasdiscretioni
328 875 541 948 relinquimus:
554 891 591 932 ne
600 892 652 948 per
664 891 719 933 nos
729 877 809 951 rigor
817 874 906 932 vestri
961 874 1112 930 communi
1128 872 1257 945 capitulo
1272 871 1416 930 statuistis
1431 877 1461 928 et
1474 872 1665 945 postmodum
1676 873 1730 930 sub
1739 875 1786 931 in-

75 963 907 1039 ordinisenerretur.1ldhieorobisauctoritateuposto-
960 963 1170 1021 terminatione
1185 962 1281 1036 gravis
1302 977 1396 1034 poenm
1421 961 1529 1034 saepius
1553 963 1726 1032 innovastis,
1753 969 1787 1020 ut

75 1053 132 1110 lica
148 1053 344 1127 indulgemus
359 1059 392 1110 ut
406 1055 431 1112 si
446 1071 501 1126 pro
516 1053 687 1127 receptione
701 1054 838 1128 alicujus,
854 1054 905 1125 qui
960 1052 1075 1111 nullam
1085 1052 1121 1108 de
1132 1057 1240 1108 cetero
1251 1051 1559 1124 insororemrecipere
1571 1052 1784 1108 teneaminirel

74 1157 91 1197 a
117 1141 207 1198 robis
232 1143 346 1215 ejectus
368 1141 468 1210 fuerit,
493 1142 608 1200 litteras
626 1143 709 1200 robis
727 1143 905 1216 apostolicas
959 1157 1143 1210 conversam,
1158 1141 1324 1213 prasertim
1340 1155 1408 1198 oum
1433 1156 1469 1196 ex
1483 1140 1538 1197 hoc
1554 1140 1713 1213 aliquando
1738 1141 1786 1198 in-

75 1229 255 1288 duxerimus
269 1230 473 1302 dastinandas,
489 1247 558 1289 eum
577 1231 748 1290 nullatenus
772 1233 905 1306 recipere
959 1231 1116 1288 commoda
1127 1230 1244 1286 fueritis
1259 1229 1354 1286 multa
1367 1229 1511 1302 perpessi.
1525 1230 1583 1287 Nos
1597 1229 1686 1303 igitur
1697 1231 1785 1288 insti-

74 1319 255 1388 teneamini,
277 1320 335 1376 nisi
356 1319 465 1378 litteris
479 1322 590 1378 nostris
612 1337 785 1394 expressum
804 1321 903 1392 fuerit,
958 1317 1784 1392 tutionemipsam,sicutdecommuniconsilioabbatum

71 1410 156 1466 salva
170 1409 290 1466 ordinis
308 1409 476 1484 disciplina.
957 1410 1160 1468 adcommune
1171 1408 1334 1481 capitulum
1343 1408 1583 1466 convenientium
1589 1408 1781 1480 providefao·
1797 1443 1798 1446 =

107 1501 232 1568 Datum,
249 1503 317 1568 etc„
330 1505 361 1555 ut
375 1515 470 1572 supro,
484 1518 503 1555 v
517 1501 586 1558 Idus
601 1501 678 1558 llaii.
957 1505 988 1558 ta
999 1499 1065 1569 fuit,
1081 1499 1254 1556 auctoritate
1265 1496 1429 1570 apostolica
1438 1497 1652 1554 confirmamus
1668 1501 1697 1554 et
1706 1516 1783 1571 pras-

427 1609 554 1665 cxflppp
957 1589 1051 1645 sentis
1066 1588 1168 1660 scripti
1183 1588 1291 1660 pagina
1306 1585 1537 1644 communimus.
1555 1586 1599 1642 ild
1621 1588 1684 1644 baec
1705 1586 1782 1660 adji-

72 1721 97 1760 ρ,
118 1721 222 1761 mm
241 1721 454 1765 efflogsmf,
479 1721 512 1762 n
536 1721 655 1763 „um
674 1723 782 1764 omnm
809 1723 901 1764 m,
957 1679 1063 1746 cimus,
1077 1693 1115 1733 ne
1128 1677 1237 1749 aliquis
1247 1676 1339 1733 abbas
1349 1675 1395 1731 rel
1405 1679 1567 1732 conventus
1577 1675 1781 1747 possessiones

444 1811 531 1852 mus,
916 1797 943 1864 B
958 1767 1151 1824 ecclesiarum
1166 1767 1254 1822 vestri
1269 1765 1383 1822 ordinis
1397 1771 1506 1838 proter
1519 1779 1676 1821 assensum
1690 1779 1781 1837 gene-

74 1892 263 1963 confirmawr
284 1891 440 1950 commum
464 1894 538 1964 quod
557 1895 824 1950 stmtrames
846 1908 901 1948 mm
955 1856 1028 1912 ralis
1043 1855 1164 1928 capituli
1179 1853 1305 1912 vendere
1321 1852 1431 1954 audeat
1442 1853 1488 1910 rel
1502 1853 1567 1908 sine
1582 1853 1675 1924 patris
1689 1852 1780 1910 abbu-

246 1963 361 2020 debeanr
375 1965 417 2019 uri
430 1967 514 2020 mitra
526 1970 551 2020 a
565 1963 734 2022 chirothecis,
955 1945 992 2002 tis
1006 1945 1127 2003 licentia
1141 1948 1336 2002 commutare.
1354 1943 1433 1999 Nulli
1451 1957 1530 2016 ergo,
1545 1946 1601 1998 eto.

322 2053 371 2124 (Ut
382 2069 468 2125 supra
481 2069 509 2110 ιν
523 2054 555 2110 ld
571 2053 660 2126 nair)
991 2037 1108 2105 Datum,
1125 2039 1193 2104 eto,
1210 2033 1321 2090 raldus
1334 2033 1412 2090 llaii.

107 2161 181 2226 Qum
192 2159 224 2216 in
237 2159 367 2216 favorem
377 2159 532 2234 religionis
540 2161 577 2218 ad
593 2160 826 2218 subtrahendam
840 2161 902 2218 dis-
1306 2140 1422 2197 CXCIX·

73 2249 235 2305 solutionis
249 2249 405 2306 materiam
421 2255 490 2306 sunt
503 2249 624 2323 provide
643 2252 790 2320 instituta,
816 2251 902 2308 firma
955 2248 1073 2300 ⁰⁸⁰AN⁰2
1102 2247 1218 2288 ΟᾸΝΤΟΜ
1243 2247 1275 2287 Π
1302 2247 1436 2286 ¹⁸⁰¹⁸T¹¹⁰
1465 2247 1489 2286 Ρ·
1510 2243 1658 2285 ⁰³⁸⁰⁸¹⁰⁰·
1679 2241 1779 2282 ΜΝ·

73 2337 187 2393 debent
200 2342 232 2394 et
247 2336 362 2394 illibata
376 2339 485 2395 servari
501 2344 540 2408 et,
565 2356 602 2396 ne
626 2340 748 2414 infringi
773 2340 900 2408 valcant,
959 2331 992 2387 Ui
1007 2331 1128 2387 ablatum
1143 2327 1332 2385 ⁰⁰²¹t¹¹m⁶¹5⁰⁸⁶
1346 2326 1664 2398 fluumabbastffffifflf
1674 2329 1778 2380 Wlffli-

73 2425 240 2499 apostolico
260 2426 399 2498 praesidio
415 2428 604 2485 communiri.
614 2427 793 2502 significasti
809 2429 902 2500 siqui·
1204 2417 1326 2490 (ΗΘΜ,
1342 2432 1370 2471 W
1383 2415 1426 2472 ld·
1443 2413 1534 2486 Maii·)

74 2514 903 2587 demnobisquodcommuniconsilioabbatumrestrior
992 2522 1299 2598 significaruntnobis
1313 2521 1414 2578 dilecti
1437 2520 1491 2576 lilii
1505 2519 1597 2577 abbas
1620 2523 1650 2575 et
1672 2519 1778 2575 fratres

74 2607 153 2662 dinis
160 2606 310 2664 statuistis
319 2606 399 2678 quod
409 2605 658 2664 nullusabbatum
669 2614 834 2664 vestrorum
844 2605 903 2662 mi·
956 2615 1216 2670 Praemonstraten.
1233 2609 1313 2684 quod
1327 2626 1395 2666 cum
1409 2608 1536 2666 dilectus
1549 2607 1630 2664 lilius
1644 2609 1725 2681 llugo
1741 2607 1777 2664 de

73 2694 514 2764 travelchirotbecisntatur‚ne
524 2694 633 2752 farsam
641 2712 677 2752 ex
685 2697 758 2768 ipsis
769 2695 902 2767 superci-
955 2701 1132 2759 Peli-adonta
1143 2699 1371 2758 archidiaconus
1385 2697 1518 2755 laudun.
1536 2697 1566 2752 in
1590 2697 1777 2770 promotione

74 2784 145 2840 lium
160 2783 304 2840 elationis
316 2789 459 2851 assumat,
475 2783 591 2840 autsibi
601 2785 735 2841 rideatur
751 2783 899 2853 sublimis,
955 2792 1048 2866 ipsius
1061 2789 1177 2848 abbatis
1187 2788 1366 2862 palefridum
1380 2787 1417 2844 ab
1433 2801 1467 2843 eo
1483 2785 1605 2842 obtentu
1622 2785 1776 2858 cujusdam

74 2889 140 2928 cum
153 2873 202 2929 his
213 2871 257 2928 uti
268 2887 300 2927 se
309 2871 491 2944 videritque
500 2873 900 2947 pontificibusetmajoribus
954 2897 1050 2955 pravas
1066 2877 1291 2936 consuetudinis
1310 2877 1465 2950 exegisset,
1482 2875 1553 2947 quia
1576 2891 1666 2947 super
1679 2873 1735 2929 hoc
1751 2874 1777 2929 ei

72 2961 275 3018 Ecclesiarum
293 2960 454 3034 praelatisa
469 2962 538 3019 sede
559 2963 723 3036 apostolica
745 2967 814 3020 sunt
828 2978 900 3018 een·
954 2969 1144 3041 acquiescere
1153 2965 1309 3034 recusavit,
1320 2981 1497 3022 conversum
1512 2963 1673 3036 quemdam
1687 2963 1779 3034 ipsius

74 3069 169 3107 cesse·
186 3051 245 3107 Nee
260 3051 350 3124 igilur
359 3051 577 3108 institutionem
589 3053 696 3124 ipsam·
708 3051 899 3108 eieetevebis
953 3059 989 3115 de
999 3059 1166 3131 equitatura
1177 3056 1224 3112 oui
1236 3041 1392 3112 insedebat
1401 3055 1595 3126 deponere,et
1605 3067 1670 3108 eam
1679 3067 1780 3108 secum

72 3141 196 3212 Pf⁰lifl0
214 3139 294 3195 siwia
315 3144 360 3195 θῦῑ
382 3145 512 3212 recepte,
537 3141 711 3197 &fidelitate
735 3141 899 3214 apostoliea
914 3162 940 3230 0
957 3146 1104 3204 abducere
1117 3162 1171 3217 per
1184 3144 1355 3200 violentiam
1372 3158 1431 3198 non
1447 3142 1572 3215 expavit.
1585 3141 1667 3197 Unde
1679 3139 1780 3195 norei-

73 3229 289 3284 0⁰1¹flfme11111⁵
305 3232 334 3283 ei
357 3229 513 3300 presentis
527 3229 629 3302 scripti
645 3230 753 3302 pagine
766 3246 899 3286 eemmu·
957 3237 1025 3294 dem
1037 3234 1244 3292 archidiacono
1256 3249 1310 3306 per
1318 3232 1433 3288 litteras
1444 3237 1562 3287 nostras
1576 3229 1780 3286 mandavimus

74 3319 190 3384 nimus;
207 3321 372 3373 statuentes
380 3321 413 3373 ut
421 3317 446 3372 Si
458 3333 516 3389 qua
526 3318 627 3374 s⁰r⁸e11
637 3319 769 3374 Ecclesia
780 3317 903 3374 laxioris
956 3331 990 3383 ut
1000 3325 1111 3382 similia
1119 3323 1155 3380 de
1165 3327 1271 3380 caetero
1283 3337 1344 3377 nou
1356 3324 1526 3394 praesumat,
1536 3321 1595 3374 imo
1604 3318 1705 3376 dehoc
1715 3319 1780 3390 ipso

74 3406 192 3462 ordinis
206 3410 336 3462 vestram
351 3405 476 3462 voluerit
490 3406 624 3478 regulam
639 3407 783 3480 profiteri,
797 3407 903 3479 huius·
958 3408 1778 3480 eibemabbatisatisfactionemexhibeatcompetentem.

75 3495 156 3552 modi
173 3493 398 3566 pontificalibus
408 3493 524 3550 etiamsi
537 3511 572 3551 ea
585 3495 668 3567 prius
677 3495 904 3564 hebueritulte·
957 3504 1086 3574 Ideoque
1100 3499 1273 3556 discretioni
1288 3503 1391 3554 vestre
1407 3514 1460 3569 per
1484 3495 1646 3569 apostolice
1670 3495 1779 3566 scripta

77 3584 903 3656 dusnonutetur,imopotiushumilitatemservetetin
958 3590 1135 3648 mandamns
1159 3594 1317 3660 quatenus,
1342 3587 1367 3642 st
1390 3585 1487 3642 dictus
1504 3583 1730 3640 archidiaconus
1746 3598 1782 3638 ea

78 3693 113 3732 ea
123 3681 237 3733 statuta
246 3675 334 3732 vestri
350 3673 464 3734 ordinis
479 3677 621 3733 imitetur.
635 3676 777 3732 Praesenti
786 3691 905 3748 quoquo
959 3697 1025 3753 quas
1039 3677 1193 3752 premissa
1205 3681 1275 3732 sunt
1289 3672 1453 3748 adimplere
1472 3673 1612 3741 uoluerit,
1638 3676 1698 3728 tam
1715 3687 1783 3726 eum

79 3765 263 3821 institutioni
278 3763 436 3838 adjicimus
449 3766 527 3837 quod
542 3765 644 3821 nullus
655 3766 779 3822 fratrum
794 3771 906 3820 vesu-o·
960 3785 1049 3842 quam
1064 3767 1149 3834 alios,
1166 3766 1217 3838 qui
1232 3781 1285 3838 pro
1299 3762 1523 3831 benedicendis,
1533 3759 1724 3818 installandis
1738 3757 1784 3816 rel

80 3871 146 3910 mm
162 3853 407 3925 adapostolicam
423 3853 525 3910 sedem
545 3853 689 3911 accedens
703 3854 749 3910 vel
763 3853 905 3911 recedens
960 3855 1144 3916 deducendis
1154 3854 1302 3911 adsedem
1313 3857 1373 3909 tarn
1385 3850 1640 3921 abbatibusquam
1653 3849 1720 3906 eliis
1736 3866 1785 3904 eo-

79 3943 115 4000 ab
131 3945 199 4016 ipsa
213 3942 260 3999 vel
284 3942 368 4011 alias,
390 3941 508 3999 incedat
522 3943 552 3998 in
568 3942 670 3999 babitu
686 3943 832 4012 seculari,
847 3943 905 3999 nisi
960 3941 1462 4016 clesiasticispersonispaiefridum
1470 3940 1515 3997 rel
1525 3939 1607 3996 aliud
1615 3938 1732 4012 exigere
1740 3937 1786 3996 vel

80 4031 201 4088 evidens
217 4030 274 4087 l1⁰0
288 4031 449 4088 necessitas
464 4031 631 4104 postularit·
645 4031 817 4088 Inhibemus
829 4049 905 4106 pree·
962 4042 1137 4107 extorquere
1143 4027 1786 4106 presumpserintinposterumvelhactenus

81 4129 163 4178 terea
173 4135 213 4176 ne
230 4119 297 4191 quis
307 4125 412 4176 contra
426 4125 535 4177 statuta
549 4121 696 4196 generalis
707 4121 907 4194 capituli,sirc
962 4127 1228 4200 praesumpserunt,
1238 4121 1297 4177 nisi
1312 4119 1350 4177 ad
1358 4117 1622 4176 commonitionem
1632 4121 1788 4174 restrama

81 4207 233 4266 inhabito
249 4208 308 4263 sive
324 4207 355 4264 in
370 4207 573 4266 uniformitate
589 4209 690 4278 offleii,
704 4227 756 4267 seu
771 4211 861 4267 etiarn
877 4210 908 4266 in
963 4231 1016 4272 sna
1026 4209 1475 4286 prmsumptioncdestiterintet
1488 4205 1788 4278 deperceptistaliter

81 4297 424 4370 temporalibus,temere
433 4297 533 4354 venire
544 4300 800 4370 presumat.Quod
811 4299 909 4372 siquis
963 4301 1162 4358 satisfecerint
1172 4301 1386 4370 competenter,
1397 4293 1713 4352 excommunicationis
1722 4309 1788 4349 ceo·

82 4387 320 4460 praesumpserit,
346 4387 521 4460 regulariter
544 4389 694 4460 puniatur.
719 4391 776 4445 Nec
800 4388 909 4461 aliquis
963 4407 1032 4446 sura
1047 4388 1247 4462 appellatione
1257 4382 1599 4460 postpositapercellatis
1610 4387 1639 4437 et
1650 4381 1727 4438 sicut
1738 4397 1790 4438 ex-

83 4481 219 4532 assumat
233 4474 388 4544 honorem,
404 4476 441 4533 ad
456 4493 544 4548 quern
560 4477 649 4532 fuerit
670 4479 769 4534 forsan
785 4479 907 4546 electus,
963 4479 1199 4534 communicatos
1217 4475 1333 4531 faciatis
1347 4474 1383 4530 ab
1397 4472 1536 4528 omnibus
1549 4471 1660 4526 arctius
1673 4471 1787 4529 evitari.

84 4565 149 4620 sine
163 4563 335 4620 licentiarel
346 4569 493 4636 praecepto
505 4564 639 4619 illiuscui
650 4564 771 4620 obedire
780 4569 907 4632 tenetur,
924 4537 951 4602 D
966 4568 1048 4635 Quod
1065 4566 1088 4622 si
1102 4581 1218 4634 omnes,
1231 4565 1290 4620 duo
1306 4567 1447 4630 vestrum,
1463 4567 1519 4616 etc.

86 4653 144 4709 uisi
153 4651 231 4708 forte
243 4651 305 4724 ipse
317 4651 373 4708 sibi
384 4669 450 4708 eam
462 4653 609 4710 malitiose
620 4653 844 4726 presumpserit
857 4653 910 4709 de·
1000 4659 1105 4714 Datum
1121 4657 1232 4722 florum,
1247 4657 1316 4722 eto,
1333 4668 1362 4707 ιιι
1377 4650 1446 4707 ldus
1460 4649 1538 4706 Maii.

85 4757 206 4814 negare,
219 4745 253 4795 ut
264 4739 385 4796 tandem
408 4757 462 4814 pro
477 4741 599 4797 licentia
619 4741 781 4798 obtinenda
804 4743 910 4816 majori
1000 4747 1138 4817 Scriptum
1153 4748 1289 4799 estoutem
1301 4743 1357 4813 ipsi
1370 4739 1563 4796 archidiacono
1577 4753 1658 4810 super
1674 4737 1733 4794 boc.

86 4831 176 4888 liceat
191 4828 364 4901 supplicari.
378 4829 456 4886 Nulli
473 4845 552 4903 ergo,
568 4835 625 4889 etc.
1350 4849 1402 4904 gg·

121 4921 324 4987 natumst&
340 4918 541 4978 ¹V¹d¹¹⁵u⁸ii·
966 4959 1108 5000 urrvrcasrs
1139 4954 1358 4996 iacurarrscorrs
1389 4953 1422 4993 ar
1447 4951 1595 5004 srrscorrs,
1621 4951 1648 4990 ιιι
1677 4947 1790 4996 ouoaurr

426 5027 568 5084 CXCVIII·
1001 5047 1143 5088 roaocnrrs
1172 5045 1302 5086 ualuere
1327 5039 1576 5083 ramuossrairsu.
1597 5039 1704 5079 onorius
1724 5037 1791 5076 sirm

87 5144 111 5182 r.
132 5141 231 5182 aratri
251 5140 464 5182 rumuossrair.
484 5141 518 5182 nr
540 5142 659 5190 omrsars
687 5143 806 5184 musnsrr
835 5141 913 5183 osni·
1002 5137 1080 5178 suar.

392 5232 435 5272 rus
450 5231 609 5273 asasrraus.
965 5213 1004 5268 Nc
1017 5206 1220 5280 procurationis
1233 5212 1376 5278 praetecta
1388 5211 1482 5260 contro
1505 5200 1654 5272 apostolico
1674 5198 1791 5269 priuile-

88 5314 273 5384 Conptnnatur
286 5313 441 5369 comitantia
465 5315 539 5384 quod
559 5316 826 5370 praemomgmms
849 5329 913 5369 con,
1125 5296 1172 5350 pro
1187 5282 1456 5336 Praemorutrctenses
1469 5277 1626 5344 graventur.

123 5400 214 5441 uersos
240 5385 358 5456 recipere
383 5400 437 5440 oon
461 5391 615 5456 teneantur,
635 5402 683 5441 nec
699 5386 769 5440 bonu
781 5401 831 5440 suo
844 5385 914 5442 olie-
1235 5369 1358 5440 (Romae,
1381 5371 1411 5420 ut
1427 5377 1521 5434 supra.

123 5471 191 5512 ΜΝ
201 5457 319 5527 flimini-
1003 5479 1030 5534 Si
1048 5477 1107 5534 vari
1117 5475 1293 5533 Christianae
1302 5471 1455 5546 religionis
1466 5471 1614 5524 amatores
1623 5469 1653 5520 et
1663 5466 1793 5522 cultores

320 5545 368 5614 (Ut
385 5561 480 5618 supra,
500 5562 528 5602 111
547 5545 579 5601 ld
595 5545 683 5608 Maii-l
967 5567 1072 5624 essetis
1083 5563 1230 5638 religiosis
1240 5562 1309 5617 siris
1325 5562 1356 5616 in
1367 5557 1504 5632 personis
1514 5556 1560 5612 vel
1575 5554 1664 5612 rebus
1676 5555 1790 5612 nullom

125 5651 199 5708 Cum
213 5668 232 5709 a
244 5651 331 5709 nobis
345 5653 466 5726 petitur,
487 5661 555 5728 eto,
571 5670 654 5728 usque
667 5655 704 5712 od
717 5655 827 5712 votum
842 5655 910 5712 elie·
966 5653 1134 5711 molestiam
1150 5647 1310 5718 inferretis,
1327 5663 1453 5722 quorum
1464 5644 1563 5718 potius
1573 5642 1717 5701 tenemini
1728 5659 1792 5717 gra-
