3948 6070
28 283 94 339 893
564 271 816 336 routmlctrus
835 271 931 326 lutto
950 271 999 341 111,
1019 273 1157 336 chalem
1178 277 1256 336 lituo.
1693 272 1747 328 894

30 423 135 480 quam
149 402 304 478 ejectionis
319 417 380 459 sum
396 406 528 472 ternpore
543 398 648 455 luisset
659 397 792 472 legitima
804 413 811 465 ;
822 400 866 462 ut,
881 399 910 466 Α
924 397 1057 468 haberet,
1074 415 1133 458 uon
1158 405 1237 454 esset
1250 399 1314 456 hmo
1336 397 1424 456 realis
1447 397 1606 467 restitutio,
1624 397 1677 454 sed
1697 415 1748 454 ro·

33 513 137 554 causa
148 497 296 562 cessante,
313 494 410 548 cesset
424 506 541 562 quoque
558 485 636 562 quod
662 486 794 562 urgebat,
810 487 872 542 im·
927 488 1010 556 celis,
1024 505 1091 546 cum
1110 507 1146 544 ex
1161 505 1195 546 aa
1211 488 1286 544 nihil
1302 488 1358 559 ipsi
1374 488 1519 546 libertatis
1534 489 1579 544 rel
1594 491 1747 560 potestatis

30 585 159 658 pendas
171 599 291 655 operam
316 580 467 644 ellicaoem
482 578 621 648 maxime,
636 594 685 646 ue,
701 594 769 634 cum
784 574 873 632 luerit
927 575 1095 646 accreverit,
1112 577 1165 634 sed
1179 577 1245 649 plus
1258 577 1417 634 accesserit
1437 578 1536 640 oneris
1550 594 1639 648 quam
1654 578 1749 634 hono-

30 676 82 732 ad
99 672 316 730 discussionem
331 685 427 727 causm
448 673 632 742 perventum,
646 667 677 724 in
700 665 873 724 scandalum
928 667 980 734 ris,
996 684 1062 723 cum
1079 667 1118 724 sit
1132 666 1229 739 potius
1246 665 1387 724 cosmate
1404 666 1583 738 mancipata,
1598 683 1666 722 curn
1680 673 1709 723 et
1722 667 1749 722 ei

34 771 184 820 nostrum
200 761 265 834 ejus
287 759 381 816 valeat
404 757 518 817 dillerri
533 773 700 830 processus,
723 757 759 826 si,
776 772 811 812 ex
826 753 872 814 his
929 755 1048 826 loquela
1062 755 1157 819 libera
1171 761 1200 816 et
1210 755 1316 828 regalis
1328 755 1366 815 sii
1379 757 1472 814 oratio
1489 757 1750 830 denegataUtrum

43 872 116 926 qum
133 848 340 924 praemittenda
353 847 472 926 luerent
494 847 606 918 aliquid
619 847 783 914 omittatur,
801 851 829 902 et
844 845 874 902 id
929 851 1028 900 autem
1043 845 1073 900 in
1090 845 1144 900 hoe
1160 846 1297 918 regaliter
1308 851 1513 917 pertractetur,
1526 847 1603 909 sicul
1613 852 1659 902 est
1667 848 1751 919 jura·

43 941 240 1016 negligentias
264 945 320 1000 lum
343 937 389 992 rel
409 936 525 997 astutias
540 939 661 1004 nostrm,
676 935 789 1006 abipso
806 949 873 1006 rege
929 938 1029 988 mente
1047 932 1207 1002 firmatum,
1225 937 1254 988 et
1278 939 1309 993 lu
1324 934 1422 992 rideas
1438 939 1467 995 et
1482 951 1533 990 rex
1548 935 1611 1006 ipse
1639 934 1749 992 discer-

38 1033 143 1093 valeat
165 1029 316 1104 imputari,
333 1025 450 1085 dicente
475 1025 564 1098 quod,
581 1029 649 1088 aute
672 1029 789 1096 tempus
814 1023 873 1078 dis·
929 1024 1039 1078 natlu
1068 1039 1127 1078 uno
1156 1027 1255 1088 autern
1283 1022 1408 1084 lormam
1434 1023 1567 1084 mandati
1586 1025 1751 1096 apostolici,

34 1120 204 1188 enesionis,
222 1117 372 1190 superbis
387 1115 489 1177 debuit
513 1115 715 1184 commoneri;
740 1131 778 1170 ne
803 1111 875 1185 qnid
930 1128 1019 1182 quam
1035 1111 1066 1168 in
1080 1128 1134 1174 uos
1150 1111 1293 1174 habemus
1309 1117 1338 1171 et
1352 1118 1382 1168 lu
1396 1129 1449 1184 per
1463 1129 1517 1170 nos
1532 1113 1622 1185 ipsos,
1639 1114 1755 1170 intelle·

36 1212 138 1271 etiam
162 1225 216 1282 per
242 1205 438 1267 collusionem
464 1203 510 1267 rel
531 1204 741 1269 confictionem
764 1203 875 1259 lactum
929 1201 1028 1258 ximus
1042 1219 1103 1258 non
1115 1209 1281 1272 servatam
1297 1205 1328 1266 in
1344 1219 1412 1276 qua,
1427 1203 1452 1260 si
1466 1205 1541 1266 bene
1558 1204 1752 1276 recolis,con-

41 1318 115 1359 esse
131 1303 262 1372 putetur,
276 1312 343 1362 cum
358 1311 413 1354 nos
430 1293 531 1350 omnia
545 1288 674 1350 fideliter
689 1298 719 1349 et
734 1292 876 1352 voraciter
931 1291 1042 1347 linatur
1057 1291 1147 1364 quod.
1163 1292 1325 1366 praemisse
1349 1293 1568 1366 omnibusque
1591 1299 1660 1351 ante
1674 1294 1753 1350 relu-

36 1389 220 1448 duxerimus
235 1385 544 1452 sociendatlonernns
556 1383 646 1455 igitur
659 1382 876 1441 fraternitatem
930 1379 1059 1440 xaudam
1074 1383 1252 1441 sententiam
1277 1382 1427 1442 interdicti
1453 1385 1658 1450 mandavimus
1676 1401 1754 1456 prm·-

39 1487 131 1535 tuam
147 1482 175 1533 et
190 1475 381 1531 exhortamur
403 1472 433 1538 iu
449 1471 573 1533 Domino
602 1487 636 1528 ac
651 1488 704 1543 per
716 1471 879 1544 apostolica
933 1470 1279 1542 nectendamostrnoduru
1294 1472 1390 1544 ipsam
1399 1477 1579 1532 sententiam
1592 1475 1754 1534 relaxares.

41 1569 103 1624 tihi
119 1567 229 1640 scripta
237 1562 414 1630 recedamus
429 1566 587 1636 quatenus,
605 1561 767 1628 secundum
784 1563 877 1634 ripes-
932 1561 993 1625 Quo
1006 1559 1232 1628 lacto,sluderes
1243 1561 1400 1635 diligenter
1414 1563 1511 1625 eidem
1526 1565 1587 1638 regi
1599 1581 1755 1638 suggerere

40 1657 154 1724 tolum,
172 1655 265 1718 instes
285 1657 452 1728 opportune
478 1652 505 1710 el
531 1649 711 1724 importune,
728 1650 877 1736 obsecres,
932 1653 965 1706 ut
978 1650 1113 1720 reginam
1128 1650 1263 1718 eamdem
1276 1651 1419 1715 retineret
1431 1654 1461 1713 in
1476 1655 1571 1727 gratie
1585 1655 1753 1728 coniugali3

41 1744 317 1818 arguas,increpes,
333 1746 366 1802 ut
378 1757 430 1798 rex
445 1739 729 1812 ipse,charissimam
744 1740 775 1796 in
789 1740 875 1797 Chri·
892 1776 917 1850 R
934 1739 1007 1809 quin
1022 1739 1111 1806 etiarn
1126 1739 1183 1805 hoe
1209 1739 1236 1801 ei
1252 1758 1287 1801 ex
1301 1747 1384 1813 parto
1407 1748 1510 1804 nostre
1524 1744 1707 1818 injungeres,
1722 1745 1754 1802 iu

43 1843 94 1891 sto
112 1835 206 1901 liliam
221 1837 365 1896 nostram,
381 1831 404 1886 l.
428 1830 608 1894 Francorum
631 1829 764 1903 reginam
788 1829 876 1888 illus·
931 1828 1138 1896 remissionem
1153 1830 1286 1894 omnium
1301 1836 1511 1902 peccatorum:
1527 1834 1607 1906 quod
1621 1833 1647 1890 si
1661 1834 1754 1900 desu-

43 1923 181 1996 trem,de
197 1921 337 1986 mandato
353 1923 454 1986 nostro
469 1923 629 1990 receptam,
646 1918 676 1977 iu
692 1917 786 1990 gretia
801 1919 874 1974 reti·
929 1934 1058 1989 pernen
1074 1918 1194 1973 daretur
1209 1924 1251 1986 ut,
1267 1925 1334 1992 post
1348 1920 1520 1992 frequentes
1545 1926 1574 1978 et
1597 1921 1755 1996 diligentes

45 2019 122 2072 neat
144 2011 294 2086 conjugali
318 2015 348 2066 et
373 2007 502 2078 maritali
526 2007 681 2070 allectione
705 2012 875 2080 pertractet,
930 2006 1148 2062 admonitiones
1165 2012 1193 2063 et
1208 2008 1438 2075 exhortationes,
1455 2027 1519 2066 eam
1540 2015 1573 2066 ut
1591 2011 1755 2084 legitimam

46 2119 120 2165 cum
136 2119 191 2160 nec
206 2100 409 2168 honestiorem
424 2114 479 2157 nec
506 2096 685 2164 nobiliorem
701 2096 757 2154 sibi
772 2097 876 2168 possit,
931 2094 1040 2151 hahere
1055 2095 1144 2152 vellet
1158 2109 1280 2152 uxorem
1295 2101 1325 2152 et
1339 2093 1468 2153 maritali
1495 2098 1651 2156 allectione
1678 2105 1757 2156 trac-

48 2195 108 2248 hoc
124 2197 267 2268 tempore,
284 2188 434 2262 copulare,
459 2191 560 2262 utpote
587 2203 652 2260 quea
677 2184 713 2242 ab
739 2183 877 2240 omnihus
931 2189 1004 2252 tare,
1027 2184 1079 2240 sed
1094 2191 1197 2242 contra
1211 2187 1435 2249 matrimonium
1458 2189 1608 2254 accusatio
1623 2205 1756 2246 morere·

48 2297 113 2338 non
131 2286 245 2341 tantum
260 2280 385 2340 honesta
404 2275 524 2347 dicitur,
540 2273 592 2332 sed
617 2278 647 2330 et
661 2278 773 2332 sancta.
791 2274 877 2342 Sane,
932 2273 1034 2336 lunad
1050 2273 1248 2330 inchoandam
1264 2293 1384 2337 causum
1395 2295 1445 2339 sex
1460 2279 1611 2357 meusium
1626 2279 1755 2351 spatium

50 2370 129 2428 nihil
144 2369 190 2426 rel
204 2369 242 2428 ad
256 2368 402 2425 honorem
417 2370 552 2423 nostrum
567 2363 613 2420 vel
631 2363 668 2423 ad
691 2363 733 2418 tui
747 2363 878 2423 nominis
932 2363 1109 2436 assignares.
1126 2365 1219 2429 Quam
1234 2369 1334 2427 autem
1360 2365 1517 2439 diligentes
1537 2373 1566 2424 et
1593 2383 1683 2438 quam
1696 2367 1758 2423 fre·

50 2460 179 2533 glorium
209 2456 301 2530 magis
328 2458 439 2533 posset,
464 2454 520 2510 hoc
545 2457 687 2524 tempore,
713 2452 878 2524 provenire,
933 2455 1059 2522 queutes
1081 2453 1329 2512 commonitiones
1352 2459 1381 2510 et
1395 2455 1615 2513 exhortationes
1631 2462 1698 2528 post
1710 2473 1757 2512 re-

51 2548 182 2620 quamsi
198 2563 252 2618 per
266 2542 473 2600 auctoritatem
488 2546 619 2595 nostram
635 2546 665 2594 et
679 2539 880 2596 ministerium
933 2539 1113 2604 laxationem
1128 2541 1278 2606 interdicti
1294 2543 1486 2617 subjunxeris
1500 2561 1568 2600 cum
1583 2544 1687 2602 eodem
1699 2544 1758 2616 die,

52 2645 140 2694 tuum
155 2637 267 2691 honum
282 2633 372 2704 hujus
386 2629 710 2701 oausepriuoipinmet
724 2629 879 2684 meliorem
909 2655 912 2662 <
934 2628 993 2682 imo
1010 2627 1094 2700 quasi
1118 2629 1223 2690 eadem
1247 2632 1330 2698 hera,
1351 2633 1538 2693 restitutione
1565 2634 1607 2690 sic
1629 2633 1708 2693 lacta
1731 2639 1760 2693 et

51 2741 244 2801 progressum
261 2721 330 2778 linis
344 2720 474 2792 optimus
490 2723 673 2788 sequeretur.
691 2718 734 2772 hd
750 2718 824 2786 hmo,
840 2717 881 2773 si·
935 2717 1083 2786 sententia
1097 2717 1237 2790 relaxato,
1253 2721 1386 2792 partibus
1401 2721 1439 2779 ad
1462 2739 1582 2786 oausam
1597 2724 1759 2783 terminum

53 2821 107 2872 cut
122 2831 177 2886 per
188 2818 254 2868 tuus
270 2810 356 2866 nobis
371 2809 485 2864 litteras
500 2807 738 2880 iutlmesti,upud
753 2822 836 2880 reges
852 2811 882 2862 et
937 2807 1167 2880 assignaris,tibi
1184 2809 1382 2882 relinquimus
1395 2809 1758 2882 discernendumverum,

53 2906 132 2961 alios
149 2901 309 2958 ellleaciter
323 2903 353 2954 et
366 2895 529 2970 prudenter
543 2895 580 2953 ad
597 2913 770 2953 succursum
796 2902 882 2952 terne
936 2897 1006 2951 licet
1021 2901 1151 2952 cestrum
1166 2897 1289 2966 illud,in
1302 2917 1360 2975 quo
1374 2901 1521 2961 restitutio
1537 2900 1593 2958 luit
1605 2902 1761 2975 hujusmo-

54 2991 213 3050 orientalis
228 2989 375 3054 intendas.
936 2985 965 3042 di
981 2985 1140 3048 celebrata,
1156 3003 1173 3046 a
1192 3005 1260 3063 quo,
1277 2989 1424 3062 protinus,
1440 2990 1536 3049 soluto
1550 2997 1707 3061 conventu,
1724 2991 1761 3051 ad

93 3083 251 3153 Caeterum,
268 3095 336 3144 oum
350 3076 478 3134 luissent
492 3076 594 3134 omnia
606 3075 760 3150 praemissa
773 3080 881 3144 rotata,
936 3072 1018 3133 aliud
1033 3079 1077 3130 est
1101 3075 1236 3144 deducta,
1254 3077 1325 3134 satis
1340 3078 1515 3138 honorabile
1539 3085 1693 3153 reputetur
1716 3080 1762 3148 vel

56 3167 216 3243 sequentia
230 3167 316 3224 nobis
333 3167 470 3232 intimata
484 3165 683 3248 inerantque
695 3171 777 3223 tauto
792 3165 883 3237 maio·
898 3151 924 3221 (l
937 3163 1031 3236 magis
1047 3181 1207 3242 ammaum,
1222 3183 1290 3222 cum
1305 3168 1344 3227 sit
1358 3168 1389 3226 in
1413 3169 1511 3227 medio
1527 3170 1660 3226 nemoris
1675 3185 1761 3226 cous-

56 3275 123 3314 rem
139 3255 226 3322 nobis
242 3262 271 3311 et
285 3253 425 3310 iratribus
440 3253 550 3317 nostris
566 3254 715 3327 ingessere
739 3253 882 3326 dolorem,
938 3253 1070 3324 tilulum,
1085 3251 1240 3322 miramur,
1262 3260 1362 3319 lamen
1378 3257 1457 3332 quod
1480 3274 1546 3314 eam
1561 3257 1606 3314 vel
1620 3257 1703 3329 prius
1716 3257 1764 3314 tel

54 3351 168 3420 quanto
184 3341 884 3418 praedictamajusgaudiurngenerarantltece-
938 3346 1042 3413 postea
1056 3359 1116 3400 non
1139 3342 1236 3400 iecisti
1260 3343 1364 3405 deduci
1380 3346 1502 3408 Parisiis
1525 3346 1562 3402 ad
1589 3346 1690 3404 sedem
1714 3363 1765 3402 re-

53 3438 155 3510 pimus
172 3435 252 3492 enim
266 3435 382 3495 litteras
399 3431 533 3506 ejusdem
557 3429 667 3504 regium
691 3432 883 3500 Francorum,
939 3431 1028 3503 giam,
1044 3431 1090 3487 vel
1105 3432 1210 3493 saltem
1226 3431 1263 3491 ad
1279 3433 1412 3505 aliquam
1427 3435 1585 3505 civitatem,
1601 3435 1652 3495 ubi
1669 3436 1695 3495 ei
1711 3453 1764 3507 po-

55 3529 137 3583 inter
151 3531 258 3582 caetera
268 3523 456 3581 continentes
472 3520 551 3592 quod
561 3537 620 3576 non
633 3521 770 3578 restituta
780 3519 832 3577 sed
843 3521 886 3575 iu·
940 3519 1029 3592 pulus
1044 3521 1207 3578 occurrerit
1222 3522 1349 3586 civitatis
1363 3529 1393 3578 et
1406 3524 1537 3596 regalem
1561 3525 1766 3582 honorificen-

56 3613 318 3686 carceratapotius
329 3617 374 3668 est
384 3609 595 3678 dicendarum
607 3615 688 3666 mota
700 3607 885 3668 solummedo
941 3609 1013 3665 tiam
1029 3609 1192 3675 exhiberet,
1215 3612 1278 3668 Non
1293 3618 1392 3671 autem
1419 3614 1475 3670 hoc
1488 3614 1658 3685 scribimus,
1681 3615 1766 3686 euasi

58 3705 96 3761 de
112 3703 178 3760 loco
194 3703 230 3759 ad
244 3703 353 3772 locum,
365 3699 484 3763 arctiori
501 3699 539 3755 sit
554 3699 694 3756 custodiae
707 3699 886 3774 mancipata,
943 3697 1098 3764 credamus
1114 3701 1215 3766 omnia
1227 3717 1292 3774 qum
1304 3701 1523 3771 dicuntur,oum
1534 3719 1595 3760 nou
1608 3704 1691 3760 omni
1707 3705 1766 3776 spi·

62 3799 167 3866 utpote
193 3793 239 3849 cui
261 3809 316 3847 nec
332 3789 454 3852 libertas
469 3794 667 3860 necpoteslas
682 3787 803 3844 estella
818 3805 889 3851 con·
943 3787 1012 3842 ritui
1030 3787 1069 3843 sit
1083 3787 1276 3860 credendum,
1293 3790 1344 3856 ¹sed
1360 3795 1392 3849 ul
1407 3791 1520 3852 allicias
1542 3811 1580 3850 ne
1595 3793 1767 3850 credantur.

59 3899 215 3950 cessa,nec
231 3878 459 3937 honorificentia
473 3876 581 3952 regalis
597 3875 790 3934 exhibitanec
800 3876 891 3949 alicui
943 3877 1096 3933 blonemus
1110 3877 1426 3950 igitur,lraternitalem
1439 3886 1519 3938 tuam
1536 3887 1566 3938 et
1579 3883 1770 3940 exhortamur

59 3970 234 4044 alloquendi
248 3971 392 4040 eam,sine
404 3967 524 4041 speciali
535 3967 657 4024 licentia
667 3968 743 4041 regis
755 3967 889 4043 ejusdem
945 3966 976 4021 in
992 3967 1116 4022 Domino
1133 3971 1163 4022 et
1183 3985 1235 4040 per
1249 3970 1413 4041 apostolica
1431 3971 1486 4029 tibi
1507 3972 1617 4045 scripta
1641 3972 1768 4030 manda·

60 4069 90 4118 et
100 4063 166 4134 ejus
181 4061 300 4128 litteris,
316 4064 361 4115 est
376 4056 492 4114 indulta
509 4055 644 4124 leonitas,
660 4055 776 4112 duobus
791 4057 885 4132 capel·
946 4073 1013 4112 mus
1028 4061 1174 4128 quatenus
1189 4057 1345 4131 diligenter
1369 4065 1398 4116 et
1414 4061 1546 4120 studiose
1569 4079 1721 4134 procures,
1737 4068 1770 4120 nt

61 4151 140 4209 lanis
158 4149 361 4222 compatriotis
376 4145 755 4221 ejusexceptis,quibusvix
770 4145 891 4204 tandem
947 4146 1052 4204 eadem
1080 4147 1182 4222 regina
1210 4154 1387 4222 potestatem
1416 4157 1446 4208 et
1472 4152 1641 4210 libertatem
1661 4155 1772 4226 regiam

63 4257 241 4296 concessum
256 4239 311 4294 luit
326 4243 359 4293 ut
383 4237 409 4293 ei
426 4235 518 4292 semel
545 4234 764 4303 tantummodo,
792 4252 892 4292 coram
947 4243 1141 4310 assequatur3
1158 4254 1213 4294 nec
1229 4239 1282 4307 sic,
1296 4239 1373 4298 siout
1387 4239 1504 4310 dicitur,
1521 4246 1658 4297 teneatur
1676 4241 1774 4296 inolu-

63 4328 195 4384 arhitriis
211 4327 248 4382 nd
262 4328 318 4382 hoc
331 4327 478 4400 deputatis
494 4342 512 4380 a
528 4343 605 4398 rege,
619 4325 760 4381 idiomate
775 4324 892 4398 gallico,
949 4344 991 4396 sa,
1008 4328 1080 4398 quin
1096 4333 1126 4383 et
1140 4328 1221 4384 exire
1234 4328 1330 4386 valeat
1344 4333 1373 4384 et
1397 4346 1465 4386 eum
1490 4329 1654 4401 oportuerit
1676 4332 1706 4384 et
1720 4330 1773 4386 de-

62 4415 431 4488 loque1·entur.hdiectum
442 4419 487 4469 est
498 4413 759 4484 etiamquod,cum
770 4430 893 4470 venera·
950 4417 1054 4483 cuerit,
1071 4422 1099 4473 et
1118 4417 1255 4489 personis
1270 4417 1386 4474 idoneis
1407 4417 1537 4474 adeundi
1553 4424 1583 4474 et
1600 4417 1774 4490 alloquendi

64 4506 135 4560 bilis
148 4503 240 4558 lraler
260 4507 395 4558 noster...
412 4503 566 4558 Trecensis
582 4502 738 4574 episeopus
753 4501 809 4574 (60)
823 4495 933 4558 dili-D
950 4522 1014 4563 eam
1029 4506 1155 4562 facultas
1180 4505 1275 4565 libere
1289 4506 1480 4578 concedatur,
1495 4508 1661 4579 presertim
1687 4523 1776 4580 super

66 4599 170 4668 genter
187 4593 312 4647 instaret
336 4595 369 4645 ut
383 4607 445 4659 rex,
464 4590 541 4646 datis
565 4590 686 4660 dextris,
703 4607 768 4647 eam
783 4591 814 4646 in
828 4607 895 4664 gra·
949 4593 996 4650 his
1012 4593 1151 4650 omnibns
1175 4610 1241 4664 quae
1265 4593 1303 4650 ad
1326 4595 1479 4668 negotium
1502 4597 1582 4652 istud
1606 4598 1776 4654 necessaria

66 4685 140 4739 tiam
151 4677 634 4754 reciperetconjugalem,tu,quod
645 4677 817 4736 nullatenus
830 4696 895 4736 cre·
948 4683 1011 4739 lore
1026 4687 1210 4749 noscuntur3
1226 4683 1297 4752 imo,
1313 4683 1477 4756 prudenter
1490 4686 1649 4758 ellicias,ut
1664 4687 1777 4744 archie-

68 4774 178 4840 dimus,
195 4787 261 4828 eam
287 4768 498 4844 pronuntiasti,
515 4785 569 4842 per
592 4773 706 4840 septem
731 4786 850 4825 menses
867 4774 896 4824 et
949 4772 1063 4844 piscopi
1079 4777 1108 4827 et
1131 4772 1274 4844 episcopi,
1298 4775 1421 4832 comites
1445 4779 1475 4832 et
1498 4776 1627 4836 barones
1650 4778 1687 4834 ad
1708 4793 1775 4834 eam

69 4863 203 4936 reginam
218 4861 398 4916 Francorum
415 4861 444 4914 et
458 4855 536 4930 rogis
550 4873 675 4912 uxorem
687 4874 750 4913 esse
766 4857 893 4914 debere:
951 4861 1103 4932 accedant,
1120 4861 1214 4935 gratia
1234 4861 1372 4920 visitandi
1397 4870 1428 4922 et
1453 4865 1630 4936 honorandi,
1647 4868 1725 4924 sicut
1738 4866 1776 4923 ad

71 4968 139 5026 rege
156 4951 231 5023 ipso,
256 4947 402 5021 protinus,
426 4946 636 5020 subjungente,
659 4944 729 5004 sicut
751 4963 799 5003 uos
822 4949 896 5004 vobis
950 4951 1068 5025 regines
1095 4949 1170 5008 alias
1203 4951 1343 5010 accedere
1381 4961 1623 5025 consueverani;
1652 4957 1776 5028 ipseque

67 5041 330 5112 pt‘aedim'tnttstam
347 5054 414 5092 cum
430 5035 620 5110 postmodum
644 5033 679 5091 de
694 5035 834 5110 ipsanon
849 5035 895 5092 di·
951 5057 1002 5096 rex
1031 5041 1068 5098 ad
1097 5040 1181 5098 illam
1207 5041 1385 5114 quaudoque
1423 5043 1548 5102 divertat
1576 5049 1606 5101 et
1633 5044 1659 5099 ei
1689 5041 1778 5098 locist

72 5122 745 5199 mittendasinejudicioEcclesiae,iuraretur,
761 5141 812 5180 rex
827 5125 898 5180 sub·
953 5128 1130 5196 necessaria,
1162 5133 1222 5184 tam
1250 5129 1281 5186 in
1310 5132 1446 5202 personis
1472 5149 1561 5204 quam
1591 5130 1690 5196 rebus,
1728 5144 1778 5188 ree

73 5217 173 5274 intulit
191 5234 198 5274 τ
214 5219 294 5287 infra
308 5234 355 5273 seo
369 5233 481 5272 irenses.
497 5217 645 5272 Praeterea
667 5230 735 5270 cum
759 5215 790 5271 iu
805 5233 897 5291 regno
952 5215 1057 5290 galiter
1080 5217 1255 5273 ministrari.
1279 5218 1441 5290 Siquidem,
1466 5237 1534 5276 cum
1555 5236 1616 5276 non
1641 5216 1779 5274 simulate

73 5311 252 5364 Francorum
264 5307 358 5363 oratio
370 5305 557 5362 consueverit
568 5304 632 5359 lieri
642 5320 695 5375 pro
705 5321 774 5378 rege
787 5307 899 5377 pariter
953 5307 1006 5363 sed
1033 5307 1187 5376 veraciter,
1216 5308 1457 5368 mandaverimus
1494 5312 1601 5365 cuneta
1635 5305 1778 5378 compleri

75 5397 224 5469 etregina,
239 5413 292 5453 rex
306 5397 369 5469 ipse
385 5412 423 5452 ne
439 5395 470 5451 in
485 5394 608 5469 capellis
619 5394 707 5467 regiis
717 5411 770 5468 pro
784 5411 819 5452 ea
832 5412 899 5454 ore·
954 5402 983 5452 et
1004 5395 1071 5454 talis
1091 5413 1151 5453 non
1174 5412 1253 5464 rere,
1269 5397 1322 5452 scd
1344 5397 1483 5453 simulata
1507 5395 1654 5453 restitutio
1679 5395 1779 5451 videa·

74 5485 379 5543 turlecitdistinctius
395 5484 534 5541 inhiberi.
551 5483 639 5555 Sane,
654 5483 738 5540 sires
753 5483 853 5542 taliter
867 5501 900 5541 ee
953 5491 1012 5556 tur,
1030 5501 1092 5542 uon
1120 5501 1175 5542 nos
1205 5483 1257 5541 sed
1286 5501 1317 5542 se
1340 5485 1439 5558 petius
1468 5503 1520 5544 rex
1549 5485 1613 5560 lpse
1641 5481 1781 5558 decipiet,

110 5603 166 5680 (60)
183 5604 223 5660 lte
239 5619 273 5660 eo
284 5603 349 5678 iam
360 5602 473 5664 dietum
488 5617 587 5676 supra,
602 5599 689 5674 epist.
704 5597 750 5674 ll,
765 5607 828 5659 not.
