3952 6042
151 161 188 258 'a
651 199 854 257 nvnocnurn
871 199 911 257 m
928 200 984 260 rr.
1004 201 1241 266 necnsmnnu
1261 208 1326 271 ne.
1348 211 1369 267 1.
1833 220 1872 274 rs
1959 187 1960 194 ‘

160 343 262 404 recula
275 343 388 418 quein
403 343 463 400 line
478 341 657 402 seculorum
670 342 792 401 dextera
805 343 922 404 Domini
932 360 983 400 vo·
999 331 1030 397 A
1421 339 1493 397 xlv,

163 435 220 495 luit
243 432 372 507 operari,
394 431 455 488 imo
476 431 567 488 etiam
598 431 737 490 universa
758 451 824 507 que
849 433 880 490 in
913 433 988 490 coelo
1039 454 1142 498 exsero
1161 450 1193 492 ar
1219 451 1317 493 neers.
1349 453 1383 494 nr
1409 455 1474 494 nac.
1508 455 1626 496 alcoran
1658 457 1693 499 us
1724 458 1872 501 arvernas

165 527 236 582 suut
256 527 285 577 et
313 521 344 577 in
370 524 632 590 terratestautur3
663 538 730 578 cnm
759 523 924 592 hominem,
952 522 989 580 ad
1330 543 1394 582 orn.
1423 543 1599 584 causarum.

166 611 326 686 imaginem
342 624 426 666 snam
445 613 588 680 creatum,
605 609 767 668 divinitatis
790 629 851 672 suae
865 613 992 670 voluerit
1041 629 1131 698 super
1156 623 1291 694 sopitione
1317 639 1404 682 cause
1420 641 1481 696 qua
1496 627 1568 681 inm
1585 627 1881 686 Prmnonurctuuem

168 699 537 773 esseparticipem,omuia
553 699 715 772 subjiciens
729 701 783 757 sub
794 700 991 775 pedibusejns
1078 696 1301 753 etPrumienscm
1328 696 1461 752 Ecclesiae
1476 699 1592 752 uertitur
1617 713 1699 770 super
1722 704 1876 772 posscssio-

167 806 236 846 oves
251 793 282 844 et
295 787 383 844 boves
398 787 563 845 universos.
580 789 704 862 insuper
719 796 748 846 et
762 806 870 863 pecora
883 791 992 864 campi,
1079 769 1160 824 nibus
1175 767 1207 822 dt
1221 767 1361 838 chcpr'c.

168 883 199 934 et
213 875 346 945 tandem,
359 880 393 931 nt
408 875 526 932 ruinam
542 881 675 933 nostrum
690 883 854 950 repararet,
870 883 937 952 post
951 880 993 936 la·
1259 861 1418 933 (Laterani,
1433 881 1451 920 ¹1
1473 865 1536 921 N⁰ss
1559 863 1657 937 Eebr.)

168 983 255 1040 psam
264 965 525 1038 proprioFiliosuo
535 967 779 1038 uoupepercerit,
790 967 841 1024 sed
851 967 995 1040 pronubis
1086 961 1124 1035 (l)
1149 960 1182 1015 ln
1208 962 1311 1015 nostra
1332 964 1492 1034 praesentia
1517 961 1669 1019 constituti
1695 961 1794 1020 dilecti
1819 963 1881 1021 sslii

168 1053 472 1112 omnibustradiderit
482 1053 607 1110 illumin
617 1055 827 1112 crncisaltario
836 1055 997 1114 immolan·
1047 1049 1183 1126 magistri
1199 1048 1258 1104 lac.
1278 1054 1306 1104 et
1325 1051 1359 1119 N,
1376 1050 1544 1108 Atrebaten.
1570 1055 1777 1123 procuratores
1800 1053 1882 1110 Prn-

168 1144 240 1200 dum
251 1147 281 1198 et
292 1157 359 1199 cum
370 1141 484 1212 iniquis
496 1157 564 1198 enm
573 1142 899 1216 permiseritreputari.
926 1145 998 1202 Uni·
1049 1139 1173 1197 miensis
1195 1136 1344 1210 Ecclesiae,
1371 1157 1405 1196 ex
1427 1145 1509 1213 parte
1531 1139 1647 1196 abbatis
1667 1147 1696 1198 et
1710 1149 1877 1200 conventus

168 1232 286 1306 genitus
296 1228 445 1302 siquidem
458 1229 510 1286 Dei
523 1229 626 1300 Filius,
636 1235 668 1286 ut
682 1231 835 1288 hominem
846 1233 997 1306 perditum
1049 1231 1086 1286 de
1104 1233 1167 1284 rato
1182 1225 1298 1284 litteras
1322 1229 1506 1299 exhibentes,
1531 1234 1634 1287 contra
1656 1230 1876 1290 Prasmonstra-

170 1321 999 1398 adregnacoelestiarerocaret,adextral’atrisinin-
1050 1328 1167 1378 tensam
1199 1322 1361 1378 Ecclesiam
1386 1335 1569 1392 proposuere
1605 1320 1769 1392 querelam,
1795 1338 1883 1378 asse-

170 1415 403 1485 seriorespartes
415 1411 707 1483 terraedescendeus,
720 1415 884 1474 exinanivit
895 1421 1000 1474 seruet
1051 1414 1152 1468 rentes
1167 1411 1249 1483 qnod
1270 1426 1338 1466 cum
1354 1423 1519 1480 causaque
1534 1407 1613 1464 inter
1628 1409 1707 1481 ipsas
1729 1409 1885 1466 Ecclesias

172 1499 1000 1576 ipsum,iormamserviaccipiensetseusqueadmortem
1053 1516 1143 1573 super
1165 1497 1406 1573 possessionibus
1433 1495 1469 1554 de
1485 1497 1619 1571 llanapiu
1639 1496 1817 1568 vertebatur,
1839 1498 1891 1554 di·

175 1591 350 1660 humilians,
364 1607 417 1662 pro
443 1590 530 1646 nobis
544 1591 641 1647 crucis
661 1607 722 1649 non
737 1591 882 1652 dubitavit
902 1595 1001 1652 sribire
1053 1588 1139 1646 lectis
1154 1589 1225 1647 filiis
1241 1589 1272 1646 G·
1289 1586 1447 1661 praep051l0
1463 1587 1490 1643 S·
1507 1587 1659 1656 ῦθῖθῠυὶε,
1675 1587 1709 1644 Η·
1726 1591 1756 1642 el
1768 1587 1795 1644 S·
1810 1603 1880 1645 ma-

177 1684 369 1738 tormentum.
383 1677 459 1744 Quid
472 1677 563 1752 igitur
584 1678 783 1737 retribuemus
798 1682 924 1738 Domino
947 1698 999 1755 pro
1015 1700 1043 1766 Β
1057 1680 1157 1755 gistris
1175 1679 1344 1738 Colonieus.
1368 1677 1404 1734 ab
1429 1676 1593 1750 apostolica
1618 1677 1687 1734 sede
1717 1677 1884 1736 commissa

179 1769 318 1828 omnibns
332 1785 399 1842 qum
411 1766 549 1824 retribuit
563 1767 756 1826 nobisiSane
771 1785 826 1827 nec
836 1770 999 1842 tribulatio,
1055 1769 1177 1838 luisset3
1189 1770 1246 1843 ipsi
1254 1770 1285 1825 in
1300 1767 1518 1841 possessionem
1531 1783 1632 1826 rerum
1646 1766 1800 1842 dequibus
1811 1784 1889 1824 ver·

179 1875 234 1916 nec
249 1858 396 1932 angustia,
417 1873 472 1914 nec
486 1855 592 1926 fames,
613 1871 668 1914 nec
684 1857 803 1916 nuditas
821 1865 873 1916 aut
887 1860 1003 1933 gladius
1055 1859 1171 1918 tebatur
1184 1859 1322 1933 questio,
1342 1857 1548 1914 Prumieusem
1568 1856 1730 1915 Ecclesiam
1754 1856 1883 1916 iudnxe·

178 1947 318 2021 abipsius
328 1945 572 2004 nnsdebebitaut
579 1946 842 2019 poteritcharitate
851 1949 1001 2019 divellere,
1054 1955 1135 2019 runt,
1152 1951 1397 2006 Praemonstaten.
1406 1963 1474 2004 vero
1486 1947 1686 2020 appellatione
1702 1947 1883 2020 interposita

179 2038 204 2096 si
220 2036 446 2094 exuberantiam
455 2035 743 2108 beneficiorumejns
758 2037 838 2096 circa
848 2055 903 2096 nos
913 2039 1004 2096 mise·
1055 2040 1239 2108 recedentes,
1249 2039 1344 2112 ipsam
1352 2054 1413 2093 nou
1423 2036 1543 2106 luerunt
1554 2037 1632 2094 inira
1641 2036 1797 2094 biennium
1809 2055 1881 2110 pro-

177 2127 335 2186 rioorditer
349 2125 481 2182 habitam
498 2126 624 2182 internae
644 2126 895 2186 considerationis
910 2129 1004 2186 oculis
1055 2125 1881 2201 secuti.PropterqnodPrumiensescircassnembiennil

177 2213 1005 2289 attendamus.QuinimosecundumProphetamcalicem
1056 2215 1698 2290 confirmationempossessionissnaeasede
1713 2216 1880 2289 apostolica

178 2305 1004 2378 salutarisservusaccipietetnomenllominiinvocabit.
1056 2310 1264 2382 impetrarunt.
1279 2304 1386 2377 Elapso
1401 2321 1469 2360 vero
1488 2303 1622 2374 biennio,
1639 2304 1708 2361 adl.
1724 2305 1879 2378 quondam

177 2399 236 2456 lloo
251 2413 302 2454 vos
317 2395 489 2470 diligentius
503 2394 704 2463 attendentes,
721 2395 843 2454 utillud
858 2398 1005 2472 evangeli·
1056 2400 1300 2456 Cameracensem
1311 2394 1482 2468 episcopum
1493 2393 1776 2452 etdilectumlllium
1787 2393 1882 2451 abba·

68 2529 71 2544 .
179 2502 246 2544 cnm
270 2484 451 2560 impleretis:
474 2485 527 2550 Qui
541 2484 599 2539 uult
614 2486 706 2540 veratro
731 2491 795 2556 post
818 2488 1007 2559 mactasset
1057 2494 1118 2544 tem
1133 2483 1456 2552 sanctiBartholomaei,
1472 2481 1884 2557 proPraemonstratensiEc-

180 2578 361 2648 semetipsum,
379 2581 405 2632 ct
429 2574 508 2630 tollat
534 2589 640 2630 murem
666 2589 755 2642 soom,
771 2581 940 2646 etsequutur
965 2592 1007 2634 me
1058 2574 1212 2634 clesialuit
1222 2572 1392 2630 commissio
1403 2573 1568 2644 impetrata.
1580 2572 1807 2630 Sedmemcrato
1818 2571 1884 2645 epi·

183 2665 291 2738 (blattis.
307 2681 364 2734 xrr,
380 2664 437 2738 24),
449 2666 602 2734 assumpto
619 2661 715 2718 crucis
728 2662 879 2736 signaculo
895 2664 932 2722 nd
943 2666 1007 2723 vin·
1059 2682 1147 2739 scopo
1158 2665 1234 2720 viam
1249 2663 1393 2719 universae
1404 2661 1502 2718 carnis
1516 2662 1717 2736 ingressoper
1729 2661 1809 2736 ipsos
1822 2677 1887 2718 non

184 2753 342 2812 dicandam
355 2753 496 2825 injuriam
505 2752 574 2807 lesu
584 2750 702 2820 Christi,
711 2751 944 2825 Hierosolymam
955 2771 1008 2827 pe·
1058 2755 1115 2812 luit
1124 2753 1247 2828 qnaestio
1259 2751 1426 2808 terminata.
1437 2751 1572 2808 Praedicti
1581 2756 1681 2808 antem
1690 2751 1884 2808 Prumienses

184 2844 302 2912 tivistis,
317 2843 354 2900 ad
369 2843 505 2899 nationes
515 2841 582 2898 illas
593 2841 773 2898 inhumanas
784 2848 814 2898 et
825 2843 965 2902 barbaras
976 2846 1008 2902 in
1060 2845 1276 2916 subsequenter
1287 2858 1304 2897 a
1315 2840 1411 2897 felicis
1426 2837 1640 2896 recordationis
1650 2839 1798 2897 Celestino
1809 2859 1884 2914 prm·

185 2930 275 3004 digito
291 2931 343 2986 Dei
366 2930 472 2986 fortius
487 2927 679 2996 edomandas,
695 2945 761 3000 qum
784 2929 904 2986 illorum
918 2933 1007 2990 etiam
1059 2935 1215 2992 decessore
1230 2928 1528 2987 nostraaddilectum
1538 2928 1633 2985 filium
1641 2928 1779 2986 abbatem
1789 2931 1885 2988 sancti

184 3020 326 3076 sevitiam
339 3017 430 3090 (qnod
439 3017 885 3092 peccatisnostrisascribimus)
896 3027 966 3078 sunt
975 3023 1006 3080 iu
1060 3022 1185 3081 Victoris
1199 3025 1229 3077 et
1243 3019 1328 3076 bonas
1344 3017 1495 3074 memorias
1517 3017 1549 3072 P.
1565 3021 1717 3074 cantorem
1737 3017 1884 3076 Parisien.

182 3123 237 3162 uos
253 3107 399 3163 sreviendo
411 3111 601 3180 transgressas
613 3105 721 3177 quihus
732 3106 881 3178 Propheta
894 3110 1005 3183 impre-
1020 3071 1045 3137 G
1060 3111 1174 3166 litteras
1196 3109 1405 3180 impetrarunt,
1418 3106 1451 3162 in
1473 3105 1580 3178 quibus
1604 3103 1814 3163 continebatur
1833 3122 1884 3163 ex·

180 3196 672 3264 candodeclamatzlleus,oenerunt
684 3197 1004 3265 pentesinbareditctem
1059 3215 1206 3274 pressum,
1223 3196 1303 3270 quod
1315 3196 1372 3269 ipsi
1387 3195 1497 3252 lactum
1513 3193 1884 3269 Coloniensiumjudicnm

179 3290 253 3342 mom
269 3285 353 3358 (Psoi.
377 3301 491 3353 nxxvnr,
511 3284 545 3358 l),
561 3289 617 3340 etc.
634 3300 730 3356 nsque
752 3285 887 3356 sepeliret,
903 3288 1003 3362 Roga·
1058 3286 1359 3346 lacereutobservari.
1368 3283 1425 3342 Sed
1440 3284 1510 3356 quia
1521 3283 1679 3356 pradictus
1694 3289 1798 3341 cantor
1808 3289 1883 3343 tunc

178 3391 244 3431 mus
257 3376 346 3449 igitur
359 3373 569 3431 discretionem
584 3379 722 3442 vestram,
739 3391 896 3432 monemus
906 3384 1004 3436 atten-
1058 3377 1308 3451 temporissedem
1319 3375 1513 3449 apostolicam
1524 3373 1721 3447 personaliter
1731 3374 1880 3446 visitabat,

177 3465 247 3522 tius,
260 3471 290 3522 et
314 3466 468 3525 hortamur
483 3465 514 3520 in
532 3465 666 3522 [lumino.
689 3469 719 3520 et
740 3465 771 3520 in
795 3467 1002 3526 remissionem
1057 3469 1088 3524 in
1105 3467 1186 3523 illius
1201 3465 1331 3523 mandati
1348 3481 1408 3521 uon
1421 3462 1477 3520 luit
1491 3462 1679 3520 exsecutione
1694 3481 1880 3538 processum.

176 3552 258 3611 vobis
272 3554 457 3630 injungimus
471 3558 663 3627 peccatorum
687 3559 834 3626 quatenus
856 3559 1002 3632 assumpti
1057 3557 1188 3614 Tandem
1201 3571 1269 3613 vero
1291 3555 1591 3610 Praemonstrateuses
1608 3567 1729 3609 causam
1744 3552 1883 3612 eamdem

177 3642 288 3700 laboris
298 3643 471 3716 gravitatem
480 3641 624 3700 studeatis
636 3641 916 3716 taliteradimplere,
926 3665 1002 3719 pran-
1056 3645 1218 3704 venerabili
1238 3643 1322 3702 lratri
1346 3647 1447 3700 nostro
1470 3643 1609 3716 episcopo
1625 3646 1656 3700 et
1669 3641 1785 3699 dilectis
1812 3643 1885 3700 liliis

177 3731 252 3788 lium
276 3732 393 3788 Domini
419 3732 601 3804 preliantes,
616 3735 658 3799 ut,
684 3733 788 3788 vestris
814 3734 1001 3807 exigentibus
1056 3736 1171 3794 cantori
1192 3733 1361 3792 atrebaten.
1379 3737 1408 3788 et
1429 3731 1527 3790 abbati
1551 3729 1645 3788 sancti
1672 3731 1882 3790 bartholomaei

178 3821 302 3889 meritis,
319 3821 356 3877 de
372 3819 446 3878 coelo
460 3820 542 3876 vobis
553 3819 698 3876 auxilium
714 3820 909 3881 ministretur.
928 3826 1000 3884 Cum
1055 3826 1226 3882 Noviomen.
1242 3823 1397 3879 obtinuere
1412 3819 1580 3886 committi,·
1593 3821 1644 3894 qni
1655 3819 1884 3894 postiubibitio·

176 3908 268 3976 enirn,
284 3908 436 3982 abnegatis
451 3907 607 3965 desideriis
623 3908 732 3978 carnis,
746 3911 871 3967 Domino
886 3930 1000 3988 propo·
1055 3931 1123 3970 nem
1133 3909 1882 3987 praedictorumabbatissanctiVictorisetcantoris

176 3997 295 4052 sueritis
311 3997 342 4053 in
357 3997 486 4070 puritate
496 3996 593 4054 cordis
603 4003 633 4053 et
646 3999 780 4072 corporis
795 4000 937 4072 militare,
950 4021 1000 4064 ca·
1054 3999 1880 4074 ParisiensisetpostappellationemaprocnratorePru·

174 4084 301 4142 rendum
318 4085 400 4142 vobis
424 4085 524 4143 existit
545 4102 582 4142 ne
607 4091 710 4144 contra
725 4093 825 4145 votum
840 4105 857 4145 a
871 4091 953 4148 vobis
967 4094 998 4150 in
1054 4093 1145 4148 mien.
1161 4091 1299 4147 Ecclesiae
1314 4089 1445 4164 legitime
1461 4088 1678 4161 interpositam,
1691 4087 1879 4147 dictosPrua-

172 4177 252 4230 terra
263 4179 365 4232 vestre
380 4175 542 4232 nativitatis
554 4175 708 4245 emissum,
730 4175 851 4234 interra
866 4183 998 4254 peregri·
1054 4185 1248 4240 monstrateu.
1272 4195 1363 4236 causa
1381 4178 1423 4234 rei
1441 4177 1591 4234 servandae
1607 4177 1638 4234 in
1653 4179 1878 4251 possessionem

172 4264 302 4321 nationis
318 4269 431 4336 vestre,
451 4265 502 4322 ubi
525 4268 673 4322 steterunt
687 4265 777 4338 pedes
791 4268 929 4340 ,Domini
944 4289 999 4344 per
1053 4289 1153 4329 rerum
1173 4270 1209 4328 de
1237 4269 1345 4344 quibus
1374 4275 1437 4326 erat
1460 4269 1662 4328 controversia
1685 4268 1879 4328 induxerunt.

172 4353 389 4412 immissionem
404 4353 552 4412 malorum
565 4355 738 4426 augelorum
754 4373 901 4415 consensu
915 4362 997 4432 pravi
1052 4363 1198 4419 Caeterum
1208 4359 1308 4416 dilecti
1320 4359 1374 4415 lilii
1390 4357 1480 4415 abbas
1491 4357 1709 4428 calmoltensis,
1719 4360 1876 4417 Genusius

171 4443 407 4513 operisveniatis
418 4448 449 4500 et
461 4460 515 4516 per
527 4443 581 4500 hoc
593 4442 743 4502 modicum
753 4445 892 4502 lermenti
903 4453 995 4506 totam
1011 4442 1037 4508 D
1054 4457 1083 4507 et
1097 4450 1242 4508 liebertus
1263 4447 1397 4506 canonici
1413 4453 1443 4503 et
1461 4448 1558 4504 nuntii
1580 4449 1878 4506 Praemonstratensis

169 4549 300 4592 massam
320 4543 525 4608 corrumpens,
542 4552 609 4592 enm
625 4535 706 4592 vobis
727 4536 833 4593 reddat
846 4539 993 4596 offensum
1050 4540 1200 4610 Ecclesiae,
1216 4556 1252 4596 ex
1266 4541 1349 4610 parte
1369 4534 1485 4593 abbatis
1500 4542 1530 4594 et
1544 4541 1706 4594 conventus
1722 4539 1875 4594 Premen-

171 4625 301 4694 sineque
309 4623 616 4681 neoresidnnmterrae
623 4625 784 4683 nativitatis
792 4626 993 4686 Dominitneri
1049 4627 1214 4695 stratensis,
1226 4625 1334 4682 litteris
1344 4623 1380 4681 de
1388 4623 1598 4680 ratihabitione
1612 4623 1763 4692 exhibitis,
1773 4639 1788 4678 e
1799 4640 1873 4680 con-

170 4710 316 4785 poteritis,
338 4726 393 4768 nec
416 4711 554 4769 incursus
578 4711 708 4770 hostium
731 4713 888 4773 sustinere.
909 4718 943 4774 ln
958 4734 992 4775 eo
1048 4724 1093 4775 tra
1107 4734 1161 4792 pro
1177 4733 1231 4774 sua
1251 4713 1382 4771 Ecclesia
1405 4730 1569 4787 proponere
1591 4717 1777 4783 curaverunt,
1791 4714 1871 4787 quod

169 4801 299 4874 igituret
313 4817 373 4856 uon
389 4801 420 4857 in
430 4806 528 4859 vestra
541 4801 732 4860 multitudine
748 4803 931 4863 conlldentes
942 4809 993 4880 qui
1048 4813 1207 4880 antequam
1223 4801 1384 4878 supradicti
1388 4803 1507 4877 judices
1520 4803 1673 4860 Colonien.
1690 4804 1871 4862 sententiam

169 4892 255 4950 docet
265 4907 370 4947 manus
383 4895 494 4948 vestras
509 4891 547 4948 ud
561 4892 698 4965 praelium
715 4897 744 4950 et
758 4891 865 4967 digitos
881 4901 993 4955 vestros
1047 4915 1100 4971 pro
1116 4894 1247 4952 Ecclesia
1257 4891 1406 4950 Prumien.
1419 4891 1629 4964 proferrenteo
1640 4890 1729 4965 qnod,
1744 4897 1871 4966 propter

167 4980 339 5049 adbellum,
362 4981 412 5052 qui
433 4982 561 5037 conterit
572 4981 661 5050 bella,
674 4983 724 5055 qui
735 4999 855 5040 currum
866 4989 897 5041 et
908 5003 993 5043 exer·
1047 4985 1191 5060 qrrasdam
1217 4981 1315 5041 minas
1339 4981 1370 5038 iu
1385 4981 1545 5054 presentia
1559 4980 1697 5055 judicum
1720 4979 1814 5038 lactas
1841 4987 1870 5038 et

166 5072 257 5129 citum
266 5069 430 5127 Pharaonis
442 5071 568 5142 projecit
578 5071 609 5130 in
625 5089 717 5142 mare,
729 5077 803 5130 stato
819 5073 850 5130 in
862 5072 932 5145 ilde,
948 5077 992 5133 vi·
1046 5093 1149 5134 eorum
1173 5073 1271 5131 olsscio
1295 5087 1355 5128 non
1384 5087 1546 5143 repressas,
1574 5071 1747 5128 advocatum
1766 5088 1867 5128 coram

165 5161 261 5218 riliter
285 5161 374 5234 agite,
402 5157 629 5218 Philistinorum
658 5162 753 5219 aciem
777 5170 990 5238 expugnantes.
1046 5167 1119 5239 ipsis
1133 5163 1244 5221 habere
1256 5178 1316 5219 non
1328 5165 1466 5234 poteraut
1478 5178 1486 5229 ;
1500 5160 1870 5234 etquiaadextraprovin-

165 5254 223 5309 Nos
238 5251 318 5308 enim
335 5255 391 5308 etc.
407 5256 438 5306 ut
452 5267 546 5323 supra.
1045 5255 1136 5312 nieles
1147 5251 1264 5328 Jndices
1277 5249 1481 5319 trahebantur,
1495 5249 1531 5307 ad
1552 5249 1653 5308 sedem
1674 5249 1868 5325 apostolicum

202 5341 308 5400 ilatum
324 5340 470 5398 Laterani.
1045 5341 1243 5418 appellarunt.
1267 5339 1358 5412 Cans
1382 5337 1590 5414 appellationis
1621 5339 1760 5415 sutlragio
1784 5337 1868 5398 illam

204 5545 243 5620 (t)
259 5543 330 5602 Vide
345 5542 423 5603 infra
439 5542 524 5620 epist.
539 5549 574 5606 02
589 5545 679 5621 hujus
693 5545 773 5606 libri.
