3956 6056
198 271 247 323 asr
693 259 894 318 innocuum
912 257 950 313 m
969 258 1023 316 ιι.
1045 257 1279 320 nauusrouuu
1300 261 1366 325 ue.
1386 262 1408 320 1.
1858 261 1912 320 aar
1959 299 1960 304 ι

200 394 360 451 donatione
376 388 679 461 consequiturutipse
695 393 857 460 proventus
872 386 1028 467 percipiat,
1041 392 1071 458 Α
1413 389 1572 446 ccclxix.

200 499 261 539 non
277 485 322 537 est
334 479 456 535 dubium
479 477 664 534 intercedere
682 477 878 532 simoniacam
895 476 1028 548 pravita-
1083 490 1249 533 consuimus
1268 493 1301 535 ur
1319 494 1424 536 scruto
1443 495 1607 535 cisrmmn.
1628 494 1772 534 nonianus
1790 493 1862 532 vinis
1880 491 1916 532 ιτ

202 579 271 628 tem.
290 571 318 625 Si
333 585 400 624 vero
416 573 484 624 ante
501 567 693 622 donationem
705 567 871 638 perceperit
886 566 949 636 ipse
964 580 1029 636 pro·
1158 581 1230 621 nuris
1249 583 1300 624 run
1319 583 1485 624 cassamus.
1507 583 1638 624 armemur
1658 583 1840 624 consnrurts.

201 667 317 727 ventus,
333 657 482 714 credimus
499 657 588 712 etiam
603 655 846 730 distinguendum
866 660 1028 710 utrumau·
1135 657 1169 711 Ut
1195 660 1322 729 pontiflci
1349 659 1490 730 fidelitatis
1510 661 1698 732 jurameutum
1720 664 1865 730 prestent.

202 735 231 808 te
248 748 438 804 donationem
453 745 614 802 constituat
629 750 661 800 ut
675 745 732 817 ipsi
746 749 906 818 proventus
921 742 1028 798 retine·
1120 745 1221 802 Grates
1237 746 1430 804 multimodas
1446 747 1643 819 omnipotenti
1658 747 1717 802 Deo
1732 745 1847 802 debetis
1864 761 1913 800 re·

202 845 291 896 antur
304 837 341 892 ad
355 841 471 907 tempus
485 852 539 907 pro
555 850 644 890 causa
653 834 736 906 justa
750 838 780 888 et
794 831 973 898 necessaria,
990 845 1028 886 an
1082 831 1161 889 ferre
1177 833 1255 906 quod
1285 835 1391 892 vestris
1414 835 1519 893 videtis
1542 835 1727 909 temporibus
1753 834 1915 908 adimpleri

203 926 360 986 conveniat
372 940 442 980 cum
458 939 492 978 ec
508 923 559 994 qui
574 922 682 994 accipit
696 921 875 977 beneficium
891 935 944 975 seu
960 934 1028 974 cum
1083 938 1150 993 qnae
1166 923 1254 979 vestri
1271 925 1475 998 progenitores
1489 941 1605 982 summo
1627 924 1775 982 desiderio
1790 925 1914 980 allecta·

202 1015 366 1072 mediatore
379 1027 568 1085 quocunque,
583 1017 625 1076 ut,
642 1010 740 1066 olllcio
755 1008 801 1064 illi
815 1023 968 1073 concesso,
981 1021 1028 1061 re·
1082 1012 1256 1068 runt.vobis
1272 1013 1383 1069 etenim
1399 1019 1642 1087 estsummcpere
1652 1011 1914 1087 congaudendum,

201 1106 295 1161 tineat
308 1104 372 1174 ipse
385 1097 845 1172 sibiproventus.Primumenim
861 1095 1028 1152 membrum
1083 1099 1162 1170 quod
1178 1105 1257 1156 terra
1271 1106 1378 1170 vestra,
1389 1117 1455 1173 quae
1471 1101 1508 1158 ad
1520 1101 1570 1173 jus
1586 1105 1616 1158 et
1630 1101 1845 1174 proprietatem
1862 1103 1916 1156 Ec-

200 1193 349 1250 credimus
365 1206 429 1246 esse
452 1188 587 1255 licitum3
604 1186 768 1242 secundum
784 1189 884 1242 autem
901 1183 1028 1240 dicimus
1082 1188 1181 1244 clesiae
1195 1190 1434 1261 Rompertinere
1448 1189 1713 1263 dignoscitur,cum
1723 1189 1836 1248 dudum
1849 1190 1916 1245 lue·

200 1298 261 1338 uon
276 1279 377 1346 licere,
393 1277 520 1334 naviam
541 1276 710 1348 aperiemus
724 1274 772 1330 his
787 1274 837 1345 qui
851 1272 1027 1345 pravitatem
1082 1277 1121 1332 rit
1136 1293 1190 1348 per
1201 1277 1373 1334 violentiam
1388 1284 1533 1351 occupata
1555 1283 1585 1334 et
1609 1295 1663 1351 per
1684 1279 1915 1351 occupationem

200 1386 285 1426 suam
300 1373 438 1441 satagunt
461 1365 596 1439 palliare.
618 1365 693 1431 Quia
713 1380 780 1419 vero
805 1362 952 1434 majorum
977 1377 1029 1416 ex·
1082 1365 1274 1422 vehementer
1288 1383 1443 1440 oppressa,
1459 1382 1540 1424 nunc
1552 1366 1589 1424 ad
1612 1368 1747 1440 ejusdem
1772 1367 1916 1424 Ecclesiae

199 1476 301 1516 cessus
315 1457 422 1530 majori
439 1455 550 1512 debent
564 1454 720 1511 severitate
735 1451 846 1525 puniri,
864 1450 1029 1522 cum,juxta
1082 1455 1307 1511 Romnaturale
1320 1456 1486 1513 dominium
1501 1457 1605 1513 redeat
1618 1473 1679 1514 non
1694 1461 1807 1526 coacta,
1824 1461 1853 1512 et
1868 1457 1914 1529 ip-

200 1548 306 1604 divinae
320 1546 395 1619 legis
405 1544 569 1611 oraculum,
584 1543 607 1598 si
623 1541 832 1612 sacerdos,qui
848 1544 1026 1606 estractus,
1081 1543 1143 1599 sius
1153 1543 1357 1616 jurisdictioni
1367 1545 1494 1617 gratanti
1510 1545 1660 1602 voluntate
1675 1545 1910 1603 subdatur.Cum

199 1635 373 1710 peccaverit,
389 1634 477 1690 saciet
488 1633 663 1704 delinquere
679 1629 835 1704 populum,
846 1627 925 1700 quod
939 1626 1027 1683 inho·
1082 1630 1172 1703 igitur
1185 1648 1246 1700 vos,
1263 1632 1317 1688 lilii
1333 1633 1481 1702 consules,
1498 1651 1565 1690 cum
1589 1633 1769 1706 quibusdam
1792 1635 1862 1691 aliis
1878 1635 1910 1691 in

199 1733 283 1782 ueste
298 1740 387 1797 super
400 1723 566 1778 retentione
586 1725 783 1793 proventuum
808 1715 1023 1790 praesumpsisti
1082 1721 1242 1792 prasentia
1256 1727 1359 1777 nostra
1374 1721 1528 1779 fidelitatis
1542 1722 1630 1779 nobis
1654 1723 1849 1780 exhibueritis
1860 1725 1913 1796 ju-

199 1816 237 1873 de
251 1813 402 1871 communi
417 1813 542 1867 fratrum
557 1815 729 1865 nostrorum
744 1806 869 1864 consilio
897 1803 1024 1860 irritavi·
1082 1814 1262 1878 ramentum,
1278 1809 1404 1866 dilectos
1424 1811 1502 1867 sslios
1528 1811 1684 1868 hlarslcan.
1710 1811 1796 1868 subd.
1817 1817 1848 1868 ιι
1862 1828 1913 1868 ca·

200 1919 266 1960 mus
282 1908 311 1958 ιι
325 1903 356 1958 in
369 1915 487 1973 plenam
501 1897 741 1971 praesumptionis
756 1894 939 1968 hujusmodi,
951 1899 984 1950 ut
996 1892 1027 1948 in
1083 1895 1194 1968 pellan.
1210 1898 1385 1954 et-nobilem
1400 1899 1495 1956 virum
1510 1900 1843 1971 loannem,lamiliarem
1861 1917 1915 1956 no·

199 2009 234 2050 00
247 1991 380 2065 puniaris
396 1991 501 2061 inquo
516 2001 701 2060 peccaveras,
718 2002 735 2042 a
750 1984 911 2041 collatione
931 1981 1029 2056 digni·
1084 1991 1172 2050 stros,
1188 1985 1225 2041 ad
1240 1992 1339 2058 partes
1363 1994 1475 2045 vestras
1492 1988 1679 2046 decrevimus
1704 1987 1912 2048 destinandos.

201 2083 269 2139 tatis
285 2080 332 2136 vel
356 2076 551 2136 ecclesiastici
576 2074 715 2132 benellcii
731 2072 811 2145 quod
827 2073 865 2129 ad
881 2078 961 2128 tuam
978 2071 1031 2126 do·
1085 2073 1224 2130 Veientes
1238 2079 1268 2131 et
1281 2075 1465 2134 universitati
1481 2083 1586 2133 vestrm
1600 2093 1654 2149 per
1668 2079 1831 2150 apostolica
1843 2079 1915 2136 scri-

201 2171 353 2228 nationem
370 2168 401 2224 in
418 2173 468 2222 tua
479 2166 574 2236 primo
586 2164 702 2220 vacabit
715 2163 847 2218 Ecclesia
860 2161 1031 2218 censuimus
1085 2169 1136 2235 pta
1149 2164 1324 2220 mandantes
1349 2170 1496 2236 quatenus
1516 2165 1546 2221 in
1562 2181 1665 2223 eorum
1690 2167 1829 2224 manibus
1843 2169 1914 2224 uni·

201 2256 605 2332 suspendendum.Oaetcrum
616 2251 801 2324 quia,divina
817 2249 943 2306 docente
958 2247 1032 2304 Scri-
1086 2252 1161 2307 versi
1177 2258 1207 2308 et
1221 2253 1329 2326 singuli
1344 2253 1498 2310 fidelitatis
1518 2255 1691 2327 juramenta
1705 2261 1866 2329 praetatis,
1880 2263 1913 2314 ut

202 2347 464 2423 ptura,didicimus
480 2344 559 2416 quod
575 2343 683 2399 melior
697 2347 743 2399 est
758 2342 877 2414 sapiens
890 2340 951 2396 viro
963 2338 1031 2394 lorti
1086 2341 1238 2413 deinceps,
1254 2347 1373 2398 anctore
1396 2344 1467 2412 lieo,
1481 2348 1558 2400 terra
1573 2351 1670 2401 vestra
1692 2345 1747 2402 sub
1769 2346 1915 2419 apostoli-

201 2445 231 2496 ιι
256 2438 307 2510 qui
334 2435 529 2492 dominantur
553 2433 653 2488 animo
679 2435 879 2504 expugnatore
903 2428 1032 2499 urbium,
1087 2447 1129 2488 cm
1141 2430 1221 2486 sedis
1236 2430 1369 2488 dominio
1382 2437 1482 2504 optata
1496 2432 1594 2489 valeat
1605 2433 1773 2490 securitatis
1789 2441 1818 2491 et
1832 2436 1914 2508 pacis

200 2531 470 2600 quantumcunque
486 2521 668 2578 voluerimus
684 2526 736 2577 aut
749 2519 902 2587 vellemus,
914 2518 938 2574 si
954 2516 1034 2573 salva
1087 2519 1302 2592 tranquillitate
1326 2519 1464 2594 gaudere.
1482 2523 1538 2578 llos
1561 2523 1641 2578 enim
1656 2523 1693 2579 ad
1708 2539 1744 2580 ea
1768 2541 1834 2596 quae
1861 2525 1913 2580 ho·

201 2632 356 2690 possemus
368 2612 487 2687 justitia
499 2616 782 2684 (contraquamnon
795 2609 966 2682 Judicamus
977 2622 1033 2661 nos
1087 2608 1153 2664 nori
1168 2613 1264 2664 vestro
1276 2612 1305 2665 et
1319 2609 1439 2665 utilitati
1453 2609 1614 2668 viderimus
1630 2612 1768 2684 expedire
1784 2613 1913 2686 diligens

199 2722 298 2778 posse,
311 2719 379 2761 cum
395 2703 489 2758 simus
506 2701 537 2756 in
551 2700 620 2756 sede
632 2699 758 2771 justitiae
775 2697 941 2768 constituti)
955 2711 1033 2767 pras-
1088 2697 1219 2753 studium
1234 2701 1264 2754 ιι
1278 2695 1428 2754 eltlcacem
1444 2715 1565 2772 operam
1582 2700 1800 2772 impendemus.

199 2796 290 2852 latam
312 2791 523 2850 cancellariam
549 2789 691 2862 praedicto
722 2787 905 2844 subdiacono
930 2791 1033 2840 nostr⁰
1426 2787 1573 2844 ccccxx,

201 2880 540 2952 conterrisarpedictum
556 2884 656 2935 tamen
673 2877 747 2932 ilde
763 2877 933 2947 Lamp.non
950 2875 1034 2930 inve·
1212 2891 1335 2932 uuasnro
1355 2891 1536 2932 murnianus.
1557 2894 1780 2936 incurerrscoro.

203 2973 303 3028 nimus
318 2971 360 3025 ita
372 2967 553 3040 culpabilem
567 2972 601 3022 ut
611 2965 829 3038 eum,exigeute
837 2963 1034 3037 justitia,ipsa
1260 2965 1298 3020 Oe
1313 2967 1506 3036 recuperandis
1523 2967 1641 3025 ecclesie
1657 2969 1742 3024 bonu.

162 3073 165 3082 ⁴
202 3059 383 3118 cancellaria
401 3057 518 3130 privare
533 3056 704 3128 possimus;
721 3069 788 3110 cum
813 3053 870 3110 etsi
895 3056 1033 3125 parentes
1276 3053 1412 3125 (Perusii,
1429 3071 1476 3110 xiv
1490 3055 1554 3112 llal.
1570 3055 1726 3124 Octobris).

205 3150 269 3222 ejus
285 3165 320 3204 ex
343 3145 534 3218 simplicitate
557 3143 748 3215 deliquerint,
764 3142 841 3198 nihil
865 3147 964 3197 tamen
979 3128 1072 3212 proG
1122 3142 1195 3196 Cum
1207 3157 1225 3198 a
1239 3141 1327 3198 nobis
1342 3143 1462 3214 petitur,
1479 3149 1547 3212 etc,
1571 3147 1709 3215 usquead
1728 3147 1841 3202 uerbum
1867 3162 1916 3202 as·

203 3253 239 3292 ea
253 3235 358 3292 dantes
374 3239 425 3290 aut
440 3234 531 3290 etiam
545 3232 767 3305 promittentes,
784 3231 846 3302 ipse
870 3235 970 3285 tamen
986 3229 1032 3284 in·
1088 3245 1188 3297 sensu,
1201 3229 1379 3286 fraternitati
1406 3236 1465 3287 turs
1479 3233 1654 3290 auctoritate
1680 3235 1846 3308 apostolica
1863 3236 1915 3292 in-

204 3325 377 3382 vestituram
388 3322 575 3379 cancellariae
586 3321 663 3377 sicut
672 3337 759 3376 verus
769 3319 931 3376 canonicus
944 3323 974 3374 et
984 3327 1030 3382 cui
1086 3319 1243 3393 dulgemus
1267 3321 1452 3394 llrmiterque
1476 3323 1666 3396 precipimus
1686 3328 1719 3380 ut
1743 3341 1778 3382 ea
1801 3341 1870 3398 quar
1899 3343 1916 3381 a

203 3415 320 3471 ratione
345 3413 538 3470 canonicatus
554 3411 673 3483 dejure
697 3427 757 3467 non
784 3413 900 3482 poterat
922 3409 1031 3481 opponi
1087 3409 1270 3482 temporibus
1297 3410 1357 3466 Cic.
1379 3415 1409 3466 et
1432 3411 1513 3468 Bald.
1545 3417 1768 3470 antecessorum
1793 3419 1915 3470 tuorum

204 3503 414 3572 delectus,sine
431 3502 568 3574 pactione
583 3500 719 3573 qualibet
733 3503 763 3555 et
774 3499 1032 3567 conventionem·
1086 3498 1164 3554 circa
1178 3514 1226 3554 res
1241 3503 1272 3554 et
1285 3500 1490 3570 possessiones
1505 3505 1593 3573 atque
1609 3501 1823 3573 patrimonium
1837 3504 1914 3560 Can-

203 3594 300 3666 cepit;
317 3608 372 3648 nec
388 3591 477 3648 etiam
502 3591 559 3646 fuit
574 3589 759 3646 sufficienter
779 3589 935 3662 probatum
950 3587 1031 3659 quod
1086 3588 1213 3643 tuarien.
1228 3587 1368 3644 Ecclesiae
1383 3591 1413 3643 et
1427 3605 1563 3645 mensam
1579 3590 1867 3664 archiepiscopalem
1884 3593 1913 3647 in

203 3681 400 3738 cancellarius
416 3697 451 3735 ex
465 3679 565 3736 allicio
575 3695 630 3734 suo
643 3678 734 3735 laciat
749 3678 916 3750 spiritualia
931 3693 1030 3732 memo
1085 3692 1171 3749 grave
1186 3674 1330 3732 damnum
1344 3681 1374 3732 et
1390 3676 1540 3749 jacturam
1555 3678 1695 3735 Ecclesia
1719 3679 1825 3736 illicite
1841 3681 1915 3736 alie-

203 3775 349 3838 rata,cum
365 3769 513 3841 capotius
528 3768 564 3824 de
578 3768 647 3842 jure
662 3767 814 3824 communi
830 3763 867 3822 ad
883 3765 1031 3822 archidia—
1086 3770 1157 3822 nala
1170 3765 1328 3836 repereris,
1344 3766 1545 3838 appellatione
1558 3773 1739 3840 remota,per
1753 3785 1913 3826 censuram

203 3860 270 3916 coni
286 3863 421 3931 spectent
435 3857 578 3926 cilicium,
595 3851 811 3930 repraesentare
830 3854 969 3911 videlicet
983 3871 1032 3910 or-
1086 3853 1317 3910 ecclesiasticam
1333 3853 1484 3910 mediante
1495 3855 1614 3928 Justitia
1628 3872 1747 3913 revoces
1762 3863 1792 3913 et
1803 3858 1915 3915 debitis

202 3948 349 4004 dinandos
366 3947 505 4019 episcopo
521 3950 550 4000 et
573 3945 641 4000 illos
655 3944 836 4011 examinare,
852 3959 964 4014 ponere
979 3943 1030 3998 ab·
1086 3942 1190 3998 usibus
1205 3957 1266 3996 non
1279 3941 1399 3998 dilleras
1424 3943 1583 4016 applicare.
1608 3945 1820 4002 desecationes
1844 3963 1914 4004 vero

201 4038 285 4094 butes
301 4041 330 4092 et
355 4035 520 4092 abbatissas
535 4034 565 4088 in
592 4032 661 4088 sede
678 4049 685 4087 :
702 4049 768 4104 quas
791 4047 858 4087 cum
873 4030 1031 4104 probatum
1085 4030 1206 4086 illorum
1221 4047 1287 4103 qum
1311 4047 1364 4103 per
1378 4033 1613 4104 predecessores
1635 4039 1702 4092 tuos
1725 4035 1805 4092 circa
1827 4053 1915 4094 men·

202 4128 241 4184 sit
262 4141 316 4198 per
338 4123 454 4196 aliquos
481 4122 602 4178 testium
631 4119 844 4177 cancellarium
873 4119 970 4176 lacere
994 4119 1030 4176 de
1086 4135 1149 4176 sam
1164 4119 1460 4192 archiepiscopalem,
1484 4123 1699 4194 possessiones,
1720 4124 1871 4182 Ecclesiae
1887 4134 1918 4183 ιι

203 4215 343 4271 mandato
360 4209 625 4283 archiepiscopi,de
641 4209 762 4282 speciali
776 4209 876 4282 potius
890 4224 980 4281 quam
994 4209 1031 4266 de
1085 4206 1285 4264 Ecclesiamm
1313 4210 1523 4266 concessiones
1546 4213 1722 4269 auctoritate
1748 4195 1916 4286 apostolica

203 4301 335 4376 generali
351 4299 491 4357 mandato
501 4297 617 4354 videtur
631 4297 879 4370 intelligillemm
894 4299 973 4370 quod
983 4299 1031 4355 de·
1084 4295 1216 4370 legitime
1231 4301 1367 4353 revocata
1381 4303 1451 4354 sunt
1472 4304 1550 4356 ratas
1565 4304 1595 4355 et
1618 4300 1721 4358 firmas
1746 4318 1812 4358 esse
1824 4303 1918 4375 jube·

204 4391 293 4464 legati
324 4388 490 4462 praescripti
515 4387 700 4459 scripserunt
722 4403 754 4442 se
768 4385 956 4442 interdixisse
985 4387 1030 4443 illi
1085 4401 1172 4454 mus;
1194 4384 1248 4440 tibi
1276 4383 1440 4444 districtius
1464 4388 1654 4462 injungentes
1677 4396 1711 4446 ut
1739 4407 1784 4460 ea,
1809 4399 1918 4450 nostra

204 4479 336 4535 olllcium
351 4476 523 4534 cancellarii
550 4475 713 4532 secundum
726 4474 881 4547 apostolici
901 4475 1028 4532 lormam
1044 4493 1071 4559 D
1086 4472 1180 4529 lretus
1201 4474 1387 4544 auctoritate,
1404 4476 1541 4546 llrmiter,
1561 4477 1761 4550 appellatione
1785 4487 1919 4550 remota,

204 4566 348 4635 mandati,
359 4566 396 4622 de
411 4565 539 4622 consilio
555 4565 734 4636 sapientum,
751 4579 819 4620 cum
833 4563 924 4620 abeis
939 4581 1031 4638 super
1087 4561 1178 4619 iacias
1194 4562 1354 4619 observari.
1372 4565 1565 4622 Decernimus
1579 4582 1658 4640 ergo,
1675 4573 1743 4638 etc,
1760 4569 1921 4644 indulgen·

204 4657 261 4712 hoc
276 4655 458 4728 appellatum
471 4671 532 4710 non
546 4653 638 4710 fuerit
652 4670 707 4710 nec
719 4651 832 4726 aliquid
847 4657 951 4710 contra
964 4671 1034 4726 pro·
1090 4651 1137 4708 tias
1150 4654 1271 4720 nostrie,
1286 4656 1343 4710 etc.
1360 4651 1388 4706 Si
1405 4653 1472 4724 quis
1486 4659 1597 4724 autem,
1614 4661 1669 4712 etc.

206 4744 359 4813 batum‚de
375 4744 471 4817 rigore
483 4743 561 4816 juris
577 4759 613 4799 ex
623 4759 681 4813 quo
697 4742 889 4814 presumitur
902 4743 1033 4816 legitime
1125 4743 1230 4797 Datum
1246 4741 1372 4810 Perusii,
1387 4757 1432 4798 xiv
1445 4743 1508 4800 llal.
1525 4743 1669 4804 Octobris.

203 4835 316 4892 factum
344 4833 547 4906 potuissemus
576 4831 649 4887 illud
679 4831 840 4888 decernere
873 4831 1031 4889 observan-
1421 4831 1581 4889 ccccxxi.

207 4924 288 4982 dum.
318 4921 374 4979 Sed
397 4920 613 4989 misericordia,
637 4937 703 4992 que
727 4919 929 4993 superexaltat
950 4919 1033 4993 judi·
1210 4935 1777 4983 susurromnrunnrxn.anca1nr1scoro.

205 5014 296 5080 cium,
320 5003 376 5068 no's
395 5008 512 5066 induxit
531 5015 564 5065 ut
578 5009 656 5082 quod
682 5008 714 5064 in
736 5015 939 5080 contemptum
961 5025 1033 5066 nos·
1139 5007 1435 5078 Confirrnctdacrctum
1450 5011 1587 5082 quoddam
1602 5015 1674 5083 regis
1694 5015 1861 5085 anglorum.

205 5109 285 5159 trum
300 5100 433 5158 creditur
457 5113 522 5154 esse
547 5097 658 5154 lactum
682 5097 718 5154 de
745 5097 927 5172 benignitate
951 5097 1031 5156 sedis
1281 5097 1417 5169 (Perusii,
1431 5115 1466 5154 xv
1480 5098 1543 5156 llal.
1560 5100 1715 5174 Octobris).

204 5189 375 5264 apostolicae
397 5188 595 5255 remittamus,
611 5185 731 5242 eumad
755 5203 873 5259 posnam
885 5185 929 5242 illi
947 5187 1031 5244 sulll·
1120 5186 1219 5243 blonet
1232 5201 1287 5242 nos
1308 5187 1480 5258 apostolica
1496 5189 1575 5246 sedis
1598 5191 1656 5260 cui,
1673 5191 1743 5248 licet
1757 5192 1918 5264 immeriti,

205 5281 263 5336 ciat
277 5279 357 5351 quod
371 5282 491 5351 propter
506 5276 562 5332 hoc
577 5274 707 5332 secundo
723 5275 760 5330 ad
775 5276 876 5332 sedem
891 5277 1031 5348 apostoli·
1084 5274 1458 5346 presidemus,auctoritas
1469 5281 1754 5350 prostatuomnium
1763 5281 1918 5340 Ecclesia·

205 5383 270 5423 cam
285 5365 438 5422 laboravit.
1084 5378 1151 5420 rum
1161 5363 1283 5436 provida
1293 5363 1558 5439 circumspectione
1569 5373 1702 5443 satagere
1715 5375 1754 5440 et,
1771 5387 1809 5428 ne
1823 5372 1919 5428 mali-

242 5455 347 5512 Oatum
362 5454 488 5524 Perusii,
504 5469 532 5509 rx
546 5451 634 5526 (Kal.)
650 5451 795 5509 Octobris.
817 5459 826 5484 ⁸
1083 5467 1210 5525 gnorum
1222 5450 1336 5524 rapinis
1350 5454 1396 5510 vel
1412 5455 1557 5513 molestiis
1570 5461 1919 5532 exponantur,apostcli-

1083 5556 1152 5598 cum
1166 5539 1239 5615 ipsis
1254 5542 1454 5613 patrocinium
1469 5543 1621 5604 exhibere.
1635 5548 1808 5622 Eapropter,
1823 5565 1919 5608 vene-

1083 5628 1187 5687 rabilis
1196 5629 1230 5687 in
1239 5628 1355 5688 Christo
1374 5631 1476 5702 irater,
1493 5633 1552 5690 tuis
1558 5634 1649 5706 justis
1659 5635 1799 5708 precibus
1814 5642 1844 5694 et
1860 5639 1919 5696 ho-
