3972 6068
209 305 259 360 itt
696 295 897 359 iunocentii
916 295 954 352 111
973 295 1029 353 PP.
1050 295 1284 355 REGESTORUM
1304 299 1370 356 ΗΒ.
1389 301 1426 358 11.
1862 302 1921 356 7³2

211 431 314 486 contra
329 443 407 494 eum,
423 441 511 497 quani
527 425 680 498 publicum
690 424 815 482 infamat
825 423 1033 498 perjurium,et
1047 425 1074 490 A
1091 442 1245 498 sponsum,
1260 427 1340 499 qnod
1356 444 1410 485 nec
1420 425 1639 500 feceratneque
1652 430 1835 499 praeceperat
1850 427 1919 483 fleri

211 517 312 575 reddit
325 515 525 573 inconstantia
537 513 822 587 multasuspectum,
834 513 916 572 neda
927 519 1034 570 caetero
1088 514 1281 574 homicidium
1297 523 1499 591 perpetratum
1511 522 1540 574 et
1550 523 1612 574 tam
1626 523 1815 574 accusatores
1824 533 1918 589 quani

211 607 256 667 vel
280 604 527 679 promissionibus
551 605 615 677 ejus
636 603 682 660 vel
698 605 870 677 juramento
886 603 1033 672 credatur,
1088 609 1179 662 testes
1194 606 1332 664 inimicos
1343 621 1413 664 suos
1424 606 1552 664 existere
1564 606 1715 680 capitales.
1733 608 1768 662 Et
1781 623 1851 663 cuin
1861 605 1918 661 ho·

211 696 262 768 qui
278 695 369 752 tidem
383 711 472 767 super
484 711 604 750 crucem
619 699 648 750 et
662 693 818 768 Evangelia
830 693 948 766 publice
961 710 1034 766 prai-
1088 694 1241 751 micidium
1257 696 1332 752 illud
1345 713 1363 753 a
1378 698 1408 753 T.
1426 703 1454 752 et
1465 697 1485 753 1.
1499 695 1681 770 presbyteris
1691 701 1839 752 assereret
1847 711 1921 767 per-

211 785 310 841 stitam
336 799 396 840 non
421 783 539 840 erubuit
561 782 638 839 infra
651 783 740 840 unius
756 782 949 840 hebdomada
964 799 1033 854 spa·
1087 789 1247 855 patratum,
1263 783 1414 858 objectum
1428 783 1522 840 fuitei
1534 783 1571 840 ab
1585 788 1756 840 accusatore
1772 783 1920 856 predicto

210 875 286 930 tium
300 872 421 929 violare.
437 872 511 938 Ouia
533 889 601 928 cuni
625 872 710 928 nobis
735 873 939 946 juramentum
964 869 1033 927 fidei
1087 872 1384 946 quodpraescriptum
1406 875 1436 929 t.
1454 873 1484 930 in
1509 873 1716 946 presbyterum
1740 872 1917 939 ordinarat;

208 979 271 1019 non
300 963 475 1029 servaverit,
506 962 653 1033 quomodo
687 961 767 1017 vobis
805 962 1033 1034 promissionem
1088 961 1118 1017 iii
1134 979 1192 1034 quo
1221 979 1251 1018 se
1276 963 1430 1020 confessus
1453 967 1499 1020 est
1522 963 1700 1035 peccavisse.
1716 963 1823 1018 Verum
1848 976 1919 1016 cuni

209 1052 341 1124 aliquam
358 1050 551 1108 observaret?
571 1052 724 1108 tionemus
744 1051 834 1124 igilur
847 1049 1033 1106 nobilitatem
1087 1049 1158 1107 dicti
1175 1051 1262 1123 legati
1274 1052 1385 1124 pariter
1395 1057 1612 1124 pertractarent
1622 1067 1712 1124 super
1727 1051 1774 1106 his
1785 1066 1853 1122 quai
1863 1066 1918 1105 co·

209 1147 337 1196 vestram
361 1145 391 1196 et
414 1140 605 1195 exhortamur
628 1139 782 1208 attentius,
798 1155 831 1194 ac
845 1155 899 1212 per
913 1143 1034 1210 aposto·
1087 1155 1150 1196 ram
1167 1141 1210 1198 eis
1224 1141 1453 1211 fuerantactita,
1467 1140 1516 1198 die
1536 1141 1672 1212 sequenti
1688 1141 1809 1196 mitram
1825 1139 1868 1195 cis
1886 1143 1917 1195 et

207 1231 266 1287 fica
277 1229 359 1286 vobis
371 1228 480 1302 scripta
490 1228 667 1286 mandamus
678 1234 824 1300 quatenus
833 1229 863 1284 in
879 1229 1033 1286 devotione
1086 1229 1231 1286 annulum
1246 1230 1276 1286 in
1288 1235 1338 1286 tua
1347 1235 1376 1285 at
1386 1230 1595 1302 episcoporum
1607 1227 1830 1301 prasentia,qui
1841 1243 1919 1283 con·

208 1324 311 1376 nostra
321 1324 351 1376 et
363 1317 506 1374 fldelitate
517 1317 683 1374 charissimi
699 1317 730 1373 in
743 1317 858 1373 Christo
869 1317 923 1374 fllii
938 1317 1032 1374 nostri
1085 1322 1228 1374 venerant
1242 1318 1279 1375 ad
1290 1317 1462 1386 concilium,
1476 1317 1656 1391 resignavit;
1673 1334 1741 1388 quie
1753 1315 1790 1372 ab
1799 1315 1918 1372 eisdem

207 1409 238 1465 F.
255 1408 363 1465 Siciliae
387 1407 464 1480 regis
490 1407 614 1462 illustris
639 1407 767 1462 fideliter
788 1408 992 1479 persistentes,
1015 1423 1033 1465 a
1084 1413 1153 1480 post
1166 1406 1280 1480 aliquot
1294 1407 1358 1463 dies
1373 1407 1503 1479 repetiit,
1515 1423 1653 1462 asserens
1668 1421 1700 1462 se
1716 1405 1753 1462 cb
1768 1403 1918 1461 hocvelle

209 1496 351 1570 praedicto
367 1495 556 1553 hfarccwaldc
579 1502 609 1551 et
622 1496 787 1552 fautoribus
800 1497 864 1569 ejus
879 1496 962 1554 vobis
976 1513 1031 1553 ca·
1085 1496 1122 1554 ad
1138 1497 1239 1554 sedem
1254 1495 1448 1569 apostolicam
1470 1495 1638 1567 proficisci;
1654 1495 1702 1551 cui
1718 1500 1749 1550 et
1771 1494 1918 1550 adversa·

207 1585 300 1640 vectis
313 1589 342 1640 et
356 1599 458 1656 regno,
470 1584 520 1656 qni
544 1585 717 1658 sanguinem
741 1591 871 1641 vestrum
886 1585 991 1642 sitiunt
1003 1589 1033 1640 et
1085 1585 1138 1641 riis
1148 1586 1260 1658 pariter
1271 1585 1347 1642 datis
1357 1583 1546 1652 dimissoriis,
1559 1590 1659 1640 certus
1670 1584 1729 1640 fuit
1738 1600 1755 1640 a
1761 1582 1919 1656 jamdictis

207 1673 349 1730 inducere
362 1689 411 1728 vos
422 1673 558 1727 nituntur
573 1673 603 1728 in
615 1678 788 1746 perpetuam
799 1674 982 1742 servitutem,
994 1689 1031 1730 ne
1085 1676 1190 1750 legatis
1215 1677 1360 1733 terminus
1383 1676 1560 1750 assignatus.
1584 1676 1729 1732 Caeterum
1751 1675 1831 1730 inter
1854 1672 1920 1728 alia

207 1777 260 1834 per
272 1760 398 1816 insidias
412 1761 457 1816 vel
472 1758 607 1816 fraudem
622 1761 734 1832 aliquid
750 1762 845 1818 valeat
854 1761 1029 1818 machinari.
1045 1793 1073 1860 Β
1088 1782 1153 1837 qum
1168 1765 1265 1822 dictus
1281 1766 1438 1838 episcopus
1453 1765 1484 1821 in
1499 1769 1602 1820 nostra
1616 1769 1644 1820 ef
1655 1763 1783 1822 fratrum
1798 1769 1917 1820 nostro·

207 1852 266 1906 Nec
291 1848 419 1905 credatis
443 1847 606 1904 mendaciis
621 1849 697 1922 ejus,
722 1849 746 1905 si
769 1849 844 1905 forte
866 1867 897 1906 se
913 1849 1031 1906 alitera
1086 1871 1151 1911 rum
1174 1854 1333 1927 praesentia
1354 1853 1534 1928 recognovit,
1559 1853 1714 1910 confessus
1728 1858 1775 1909 est
1798 1857 1828 1910 et
1854 1867 1917 1908 non

208 1937 295 1994 nobis
311 1942 463 2008 receptum
480 1953 545 1992 esse
559 1937 709 2010 confingat
731 1942 781 1994 aut
809 1955 865 1994 nos
890 1939 921 1994 iii
942 1956 1032 2014 regno
1087 1944 1204 2016 negavit
1218 1957 1249 2000 se
1264 1941 1419 2015 praefatum
1434 1943 1465 2000 Τ.
1482 1943 1513 1998 iii
1529 1941 1735 2015 presbyterum
1758 1941 1916 1998 ordinasse

203 2024 445 2098 jurisdictionem
458 2023 652 2096 sibialiquam
663 2026 863 2096 concessisse;
876 2027 928 2084 sed
937 2026 974 2084 ad
985 2029 1034 2084 de·
1087 2038 1245 2105 postquam
1261 2031 1359 2104 ipsum
1372 2036 1488 2088 reatum
1498 2030 1652 2087 homicidii
1663 2031 1799 2088 audierat
1809 2035 1840 2087 et
1849 2045 1916 2086 cre·

205 2113 374 2170 sensionem
397 2113 481 2186 regni
506 2113 630 2168 viriliter
650 2115 833 2188 assurgatis:
849 2116 919 2188 quia
941 2118 1033 2174 virtus
1087 2121 1204 2178 diderat
1217 2121 1420 2190 commisisse;
1436 2121 1522 2194 qu'us
1537 2120 1660 2190 factum,
1677 2137 1744 2176 cum
1755 2119 1916 2176 familiaris

206 2203 311 2274 ipsius,
325 2217 379 2274 per
394 2202 444 2257 Dei
460 2201 596 2276 gratiam,
608 2203 672 2276 jam
688 2209 733 2259 est
756 2221 832 2276 pene
848 2205 966 2278 penitus
979 2222 1034 2262 an-
1087 2209 1339 2283 essetipsius,non
1351 2215 1467 2282 poterat
1477 2210 1596 2283 penitus
1606 2210 1835 2284 ignorarecum
1846 2223 1916 2280 ergo

206 2291 330 2348 nullate.
347 2293 404 2348 Nos
420 2292 512 2360 enim,
528 2291 616 2348 dante
632 2293 770 2362 Domino,
794 2309 849 2351 nec
873 2295 956 2352 vobis
977 2311 1033 2352 nec
1087 2299 1250 2356 secundum
1272 2298 1446 2370 Apostolum
1471 2299 1628 2372 episcopus
1650 2299 1764 2355 bonum
1780 2298 1920 2353 testimo·

208 2398 298 2453 regno
313 2381 414 2454 aliqua
429 2381 578 2438 deerimus
593 2383 719 2439 ratione.
1087 2389 1170 2445 nium
1186 2388 1293 2444 debeat
1306 2393 1336 2444 et
1349 2388 1385 2445 ab
1402 2387 1449 2443 his
1464 2387 1594 2461 quisunt
1608 2388 1688 2444 intus
1703 2392 1734 2445 et
1747 2387 1784 2444 ab
1800 2387 1849 2442 his
1859 2385 1913 2458 qui

554 2489 684 2546 chxx,
1087 2482 1158 2534 sunt
1171 2477 1244 2534 foris
1261 2476 1382 2546 habere,
1400 2477 1451 2549 qni
1467 2475 1504 2532 ad
1519 2493 1620 2532 curam
1645 2477 1760 2550 positus
1774 2476 1915 2542 afiorum,

408 2595 590 2636 fflmfflgs,
609 2595 831 2637 ,305139150092
1087 2568 1119 2623 in
1134 2584 1166 2624 se
1180 2567 1245 2638 ipso
1256 2565 1344 2622 debet
1359 2566 1517 2622 ostendere
1531 2565 1660 2638 qualiter
1680 2565 1756 2622 alios
1771 2565 1803 2622 in
1825 2565 1916 2620 donio

1087 2655 1206 2713 Domini
1223 2659 1357 2728 oporteat
1371 2655 1549 2722 conversari,
1561 2670 1617 2710 nec
1629 2653 1783 2726 perferens
1799 2668 1915 2709 monio·

1086 2744 1172 2800 randi
1187 2743 1321 2800 criminis
1336 2741 1446 2810 labem,
1462 2742 1592 2799 lucidam
1603 2748 1685 2816 gerat
1695 2742 1855 2798 sacerdotii
1868 2741 1915 2796 di·

242 2881 315 2936 gnm
339 2881 513 2936 accessisse,
538 2896 633 2952 nuper
657 2881 694 2938 ad
711 2882 907 2954 apostolicam
931 2883 1033 2940 sedem
1086 2834 1229 2934 gnita'teni
1243 2849 1250 2888 :
1264 2834 1325 2934 Nos
1339 2831 1528 2932 attendentes
1543 2831 1622 2905 quod
1635 2831 1728 2888 satius
1738 2831 1778 2888 sit
1786 2833 1914 2932 Domino

1087 2922 1220 2978 inferiori
1232 2927 1397 2978 ministerio
1410 2920 1557 2978 deservire
1568 2937 1657 2993 quam
1666 2921 1810 2994 paduam
1823 2921 1915 2977 subii.

206 2967 383 3024 ”maban
400 2966 491 3068 frate?
504 2973 607 3025 ”mm
629 2971 659 3026 Β·
686 2971 840 3072 S⁰⁸⁰⁶¹i⁵¹⁸
854 2972 1031 3073 ,⁰p,i⁵⁰⁰.p⁰⁵i
1087 3011 1217 3068 mitatem
1229 3009 1913 3083 appeterecumscandaloaliorum,episcopum

207 3073 297 3130 super
308 3073 343 3112 eo
359 3056 437 3128 quod
448 3056 646 3114 dicebaturde
657 3059 1033 3118 homicidiicrimineinfa·
1086 3101 1184 3172 ipsum
1200 3099 1372 3156 monuimus
1387 3099 1590 3172 diligenterut
1612 3105 1770 3172 postquam
1795 3098 1914 3171 episeo-

205 3152 304 3202 matus
316 3161 416 3202 coram
431 3145 517 3202 nohis
537 3151 566 3202 et
580 3147 720 3204 fratribus
735 3150 845 3206 nostris
860 3150 1069 3230 misericor-c

206 3234 284 3290 diam
298 3233 376 3290 sedis
387 3234 556 3307 apostolica
567 3235 740 3308 suppliciter
752 3237 938 3310 implorabat.
955 3240 1027 3297 Cum

204 3331 304 3380 autem
328 3323 414 3380 nobis
434 3324 470 3381 de
485 3323 554 3380 facti
568 3326 644 3381 serie
659 3342 719 3382 non
733 3333 892 3397 constaret,
908 3328 944 3384 de
959 3345 1028 3401 prc-

204 3429 289 3470 cessu
306 3413 400 3485 ipsius
415 3430 433 3470 a
450 3412 570 3471 dilectis
595 3415 665 3472 filiis
686 3418 798 3474 Joaniie
822 3417 975 3490 capellano
998 3423 1029 3474 et

204 3503 324 3558 Simone
340 3501 523 3558 subdiacono
539 3504 660 3573 nostris,
677 3507 728 3578 qui
744 3506 786 3562 rei
802 3507 955 3563 veritatem
968 3506 1028 3580 ple·

343 2686 382 2740 fle
395 2685 522 2742 soacensi
537 2689 672 2756 episcopo,
688 2687 829 2742 homicidii
843 2703 898 2743 reo.

374 2773 532 2844 (Laterani,
547 2791 581 2830 vii
602 2775 644 2830 ld.
661 2776 866 2850 Septembris.)

1084 3191 1162 3264 palia
1173 3187 1302 3260 insignia
1310 3188 1486 3262 resignarat,
1498 3187 1572 3244 citra
1582 3187 1752 3261 pontificale
1760 3187 1912 3262 fastigium

1083 3277 1213 3335 Creatori
1229 3293 1283 3333 suo
1295 3277 1434 3334 devotum
1449 3275 1638 3350 impenderet
1651 3275 1759 3334 amodo
1780 3277 1910 3334 lamula-

1083 3372 1162 3436 tum;
1180 3366 1260 3438 quod
1275 3366 1305 3422 iii
1322 3365 1499 3422 humilitatis
1510 3366 1616 3438 spiritu
1628 3370 1657 3421 ct
1668 3366 1798 3421 contrito
1808 3367 1910 3422 animo

1081 3457 1161 3512 visus
1172 3460 1216 3512 est
1226 3460 1406 3527 acceptasse,
1418 3452 1497 3510 unde
1508 3453 1602 3526 ipsius
1613 3453 1798 3526 propositum
1810 3455 1909 3528 dignis

229 3591 234 3602 .
617 3593 622 3604 .
728 3595 733 3606 .
835 3596 899 3607 „
1081 3544 1221 3602 laudibus
1235 3543 1489 3602 commendamus.
1511 3544 1656 3600 Caeterum
1682 3543 1824 3615 quoniam
1850 3560 1909 3600 non

205 3607 274 3646 nius
289 3597 500 3666 cognoverunt,
520 3593 591 3648 dum
615 3595 793 3666 inpartibus
807 3595 927 3652 Dioclioe
944 3596 1026 3670 lega-

270 3680 276 3690 .
381 3681 387 3692 .
638 3683 643 3696 .
876 3685 905 3696 ,,
1082 3636 1147 3692 sine
1161 3639 1263 3691 nostro
1279 3639 1308 3689 et
1326 3631 1398 3688 cleri
1421 3637 1522 3704 posset
1542 3631 1700 3704 opprobrio
1724 3632 1909 3702 mendicare,

204 3679 294 3736 tionis
309 3679 407 3736 officio
418 3679 621 3755 fungerentur,
636 3701 843 3756 inquisivimus
854 3684 1026 3786 diligenter?
1081 3739 1149 3780 cum
1165 3724 1201 3780 de
1216 3722 1383 3794 provisione
1398 3721 1492 3793 ἱρείης
1505 3727 1627 3792 propter
1641 3720 1775 3777 locorum
1785 3722 1907 3780 incerti·

204 3775 233 3824 et
247 3785 374 3884 qfff⁰ri¹m
390 3770 553 3870 assemque
571 3772 721 3872 tenuimuf
732 3774 811 3873 quf'd
822 3791 890 3830 cum
902 3773 1027 3874 imm
1081 3812 1216 3870 tudinem
1227 3810 1392 3866 deliberare
1403 3808 1522 3882 provide
1533 3825 1593 3866 non
1604 3825 1770 3882 possemus,
1782 3809 1819 3867 ad
1832 3813 1908 3883 peti-

203 3872 384 3957 prmmmmf]
394 3857 548 3958 Dalmaujoe
564 3876 724 3960 super¹⁰f¹⁵
735 3861 900 3930 fflffifflt’a
914 3878 1026 3964 mfflf'rf
1082 3901 1194 3956 tionem
1205 3899 1309 3972 ipsius,
1318 3897 1497 3954 fraternitati
1508 3900 1566 3954 tuta
1579 3896 1719 3954 duximus
1727 3899 1908 3970 apostolicas

203 3951 287 4042 pium
302 3943 375 4044 Q
390 3951 420 4001 et
433 3947 534 4019 p⁰p¹¹¹¹
551 3948 703 4049 §mensi
715 3949 751 4006 ‘¹⁰
775 3956 859 4006 “³⁸²⁰
874 3951 1027 4007 h⁰m¹⁰¹d¹¹
1080 3989 1195 4045 litteras
1204 3985 1567 4058 destinare,praecipiendo
1574 3984 1752 4042 mandantes
1761 3993 1909 4058 qnatenus

204 4031 501 4090 (immmmvenerunt
514 4051 685 4109 ⁰9¹⁵⁰⁰pum
695 4037 882 4094 msamatum'
892 4039 967 4096 'Cum
978 4057 1029 4097 ω’
1081 4078 1117 4134 de
1129 4077 1283 4134 Scacensis
1294 4076 1482 4147 episcopatus
1494 4073 1687 4147 proventibus
1697 4075 1724 4130 ci
1735 4082 1909 4149 competen-

1082 4171 1127 4222 ter
1141 4167 1172 4222 in
1187 4164 1365 4221 necessariis
1379 4163 1471 4219 facias
1486 4163 1644 4236 provideri,
1658 4179 1696 4220 ne
1716 4180 1770 4236 pro
1792 4164 1909 4222 defectu
1973 4143 1974 4179 ¹

204 4124 263 4177 tem
275 4119 312 4177 ad
323 4121 416 4194 ipsius
428 4121 590 4180 Ecclesiam
606 4126 811 4196 accessissent,
827 4127 1028 4200 inpraesentia

1082 4253 1290 4328 temporalium
1306 4268 1406 4309 rerum
1421 4253 1607 4326 propositum
1627 4253 1692 4326 ejus
1706 4253 1803 4310 valeat
1816 4255 1909 4328 impe·

203 4209 338 4284 ejusdem
353 4209 424 4268 cleri
443 4218 472 4267 et
484 4212 586 4284 populi
602 4213 757 4272 Soacensis
773 4215 850 4272 infra
868 4217 1026 4274 missarum

203 4298 350 4356 solemnia
364 4300 486 4372 quidam
501 4299 538 4357 de
553 4301 677 4372 civibus,
698 4304 726 4360 S.
743 4305 875 4374 nomine,
890 4305 1027 4362 libellum
1081 4347 1148 4404 diri·
1165 4347 1200 4401 Et
1215 4343 1357 4418 quoniam
1373 4343 1504 4415 quidam,
1515 4359 1615 4400 comm
1627 4349 1655 4400 te
1670 4344 1799 4417 propriis
1813 4345 1911 4401 nomi-

1081 4436 1168 4492 nibus
1192 4430 1379 4506 designandi,
1405 4447 1474 4488 euin
1499 4429 1639 4488 dicuntur
1660 4431 1750 4489 rebus
1778 4433 1910 4506 propriis

203 4385 276 4459 ipsis
297 4389 494 4446 accusationis
519 4392 661 4462 porrexit,
691 4409 827 4449 asserens
849 4411 880 4450 se
903 4393 1026 4450 testibus

203 4475 396 4578 pmbammfm
411 4479 491 4580 qimd
510 4497 666 4554 ep¹⁵⁰⁰pu⁵
682 4499 750 4582 “ius
773 4488 852 4596 ΨΜ
874 4483 1026 4540 h⁰m¹⁰¹d¹¹
1040 4535 1066 4599 D
1082 4531 1186 4583 contra
1197 4522 1346 4596 justitiam
1361 4519 1515 4594 spoliasse,
1528 4521 1578 4577 alii
1592 4537 1659 4578 iero
1674 4537 1781 4578 manus
1797 4521 1829 4578 in
1840 4539 1909 4580 eum

204 4570 375 4665 peipeimu'
389 4568 551 4640 Ep¹⁸⁰⁰pu⁸
563 4586 630 4626 vem
646 4587 700 4644 per
711 4576 942 4628 ¹⁰⁵tr¹¹memum
956 4589 1027 4646 ω’
1080 4614 1238 4686 sacrilegas
1254 4610 1412 4683 injecisse·
1428 4609 1565 4666 volumus
1581 4615 1611 4666 et
1629 4609 1808 4666 mandamus
1822 4616 1858 4668 ut
1885 4613 1908 4667 si

203 4658 329 4724 gationis
345 4653 488 4725 oblatum,
505 4675 563 4728 quo
574 4659 772 4731 jurassecum
785 4661 1027 4733 dnobusepisco-
1079 4699 1361 4760 remiminveneris
1377 4651 1542 4768 se'hahem'
1567 4698 1722 4771 &primos
1747 4699 1784 4756 ad
1808 4655 1910 4756 flhl'm
1971 4699 1972 4765 p

1079 4790 1232 4850 reddenda
1243 4789 1274 4844 in
1290 4791 1451 4861 integrum,
1472 4786 1672 4860 appellatione
1685 4793 1811 4858 remota,
1827 4806 1909 4845 coni·

204 4743 249 4814 pis
265 4742 418 4801 dicebatur
432 4762 463 4801 se
478 4763 533 4803 nec
547 4746 653 4806 fecisse
675 4750 870 4807 homicidium
881 4751 957 4807 illud
971 4767 1026 4808 neo

203 4831 267 4886 nm
277 4833 675 4905 praeeepi⁵⁵⁰'im¹⁰⁰⁰mi³m
689 4855 773 4896 suam
785 4839 941 4896 ⁰⁵te¹¹d⁰r⁰
952 4846 1027 4896 ΒΜ
1080 4881 1185 4955 pellas,
1199 4885 1229 4936 et
1242 4877 1317 4935 alios
1333 4877 1605 4933 excommunicatos
1618 4876 1737 4948 publice
1748 4878 1871 4934 nunties
1882 4883 1911 4933 et

203 4919 299 4993 gebat.
325 4921 407 4988 Quod
431 4928 491 4980 tani
507 4929 557 4981 tua
579 4943 668 4998 quam
683 4928 803 4985 illorum
819 4929 1026 5002 episcoporum

203 5009 367 5067 assertione
391 5011 441 5084 qui
466 5022 705 5089 compurgatores
728 5016 820 5073 fuisse
840 5016 1025 5085 dicebantur,

202 5098 310 5155 falsum
321 5101 1028 5178 penitusrepererunt,cumnullumacompurga·

202 5187 316 5244 toribus
339 5189 502 5247 exhibitum
525 5193 614 5249 fuerit
625 5195 841 5266 juramentum.
860 5195 942 5250 Unde
957 5209 1028 5250 cau-

202 5292 266 5332 sam
289 5277 397 5350 ipsam,
413 5284 447 5335 ut
461 5281 563 5354 populi
580 5282 754 5339 scandalum
769 5283 932 5350 sedaretur,
948 5282 1026 5339 dux·
1424 5259 1566 5316 CLXXXI·

202 5369 291 5420 erunt
300 5366 379 5439 juris
392 5368 497 5425 ordine
510 5369 759 5442 pertractandam,
772 5377 801 5428 et
814 5387 868 5443 per
879 5373 1027 5444 receptio·
1272 5365 1471 5407 “mmm
1495 5363 1717 5405 ⁸⁸⁰⁸¹⁸¹³¹³⁰⁰⁹⁰·
1968 5433 1969 5436 ,

203 5466 272 5508 nem
284 5456 403 5511 testium
415 5457 626 5529 productorum
636 5460 667 5516 in
678 5461 804 5518 concilio
815 5461 892 5534 apud
904 5461 1027 5518 Antiba-
1120 5447 1154 5502 Ul
1168 5443 1282 5502 ⁰me
1301 5439 1446 5512 ΜΝ
1458 5441 1487 5496 tn
1502 5455 1540 5510 pr
1541 5439 1720 5495 ⁰⁶⁶⁸⁵⁵⁰n²⁶b¹ii
1740 5442 1872 5510 imai·
1968 5441 1969 5506 i

203 5555 269 5594 ruin
282 5551 469 5618 congregato,
479 5548 696 5622 volueruntper
705 5549 922 5608 confessionem
933 5550 1026 5624 ipsius
1271 5528 1428 5603 (memnii
1448 5527 1491 5584 Id·
1511 5526 1715 5600 septembffi')

205 5625 371 5702 intelligere
385 5633 503 5705 plenius
522 5637 695 5696 veritatem:
720 5639 804 5714 cujus
825 5640 881 5698 fuit
896 5639 953 5698 talo
978 5657 1027 5698 re·
1116 5643 1189 5698 Cum
1201 5639 1281 5696 hona
1295 5636 1357 5694 sint
1370 5651 1470 5694 coram
1485 5637 1544 5692 fleo
1560 5641 1590 5692 et
1606 5635 1778 5694 hominibus
1798 5653 1908 5696 secun·

1081 4973 1158 5030 sicut
1172 4967 1445 5026 excommunicatos
1459 4965 1572 5022 tamdiu
1583 4965 1675 5022 facias
1686 4965 1800 5034 evitari,
1813 4966 1911 5024 donec

1081 5077 1167 5137 passo
1183 5057 1323 5131 injuriam
1338 5073 1361 5112 s.
1380 5072 1418 5124 c.,
1437 5061 1492 5112 etc.
1510 5061 1531 5111 t.
1545 5059 1567 5110 t.
1584 5055 1603 5112 l.
1619 5071 1647 5112 a.
1667 5071 1691 5111 s.
1708 5073 1735 5114 a.
1751 5071 1782 5112 u.
1798 5073 1827 5114 a.

1117 5151 1223 5207 flatum
1239 5144 1386 5214 laterani,
1400 5161 1438 5200 vii
1453 5143 1522 5200 Idus
1538 5143 1728 5218 Septembris.
