3956 6056
87 201 152 256 329
629 205 880 272 POTNIFICATUS
899 206 995 264 ANNO
1014 209 1036 276 1,
1056 209 1194 267 CHRISTI
1214 213 1288 270 tlte,
1758 219 1811 278 230

16 329 17 334 ’
87 343 163 382 rem
180 341 305 382 monere
321 325 440 383 studeas
462 331 491 383 et
512 326 653 386 inducere
673 331 831 405 diligenter
845 337 878 388 ιιι
892 333 929 389 ad
944 336 974 400 A
987 348 1057 389 nem
1080 334 1173 406 ipsius
1194 336 1301 394 lactem
1322 338 1441 410 utrique
1455 344 1596 410 vestmm,
1612 342 1682 414 quia
1702 342 1751 400 hic
1766 349 1811 401 est

16 491 17 500 ἵ
88 429 278 470 succursum
294 414 359 486 ejus
375 419 514 486 potenter
526 417 670 474 intendat.
981 426 1183 482 necessarium
1198 427 1306 500 populo
1318 429 1483 486 Christiano
1494 435 1527 487 ut
1536 432 1565 486 id
1579 432 1643 488 sine
1656 433 1808 492 dilationis

454 549 573 605 ρων.
982 509 1104 585 ditlagio
1128 521 1304 586 maturetur,
1320 535 1387 573 oum
1403 519 1466 575 sine
1482 524 1531 574 tuo
1548 527 1577 578 et
1592 521 1725 577 ssdelium
1741 528 1808 580 tuo-

980 615 1047 654 rum
1060 617 1094 657 ac
1119 603 1182 658 sine
1204 603 1281 660 dicto
1297 623 1365 678 rege
1380 623 1414 663 ac
1428 606 1560 664 fidelium
1576 610 1641 681 ejus
1663 610 1805 680 subsidio,

315 683 436 724 ¹LL⁰⁵TR¹
456 683 519 722 ml
537 685 710 726 ffldflffliffli·
980 688 1096 758 quodin
1107 693 1243 762 sequenti
1253 694 1355 750 Martio
1364 696 1574 768 proposuimus
1582 697 1620 754 ad
1629 704 1728 770 partes
1739 699 1807 756 illas

92 782 132 836 [n
152 799 216 836 cnm
241 799 304 852 repe
327 784 481 852 myrorum
490 799 587 854 pacem
609 787 697 853 facias
711 792 736 840 ει
755 792 849 840 contra
871 787 924 842 Sa.
978 776 1068 832 dante
1092 780 1216 836 Domino
1238 782 1397 852 destinare,
1415 785 1459 840 vix
1483 790 1569 842 terrae
1593 787 1628 842 in·
1643 804 1701 859 qua
1715 788 1806 862 pedes

287 868 398 910 racmos
413 855 512 910 delium
526 863 732 924 corrumperet.
978 867 1086 921 Christi
1102 873 1259 938 steterunt,
1277 877 1306 926 et
1328 872 1378 927 uhi
1394 874 1471 928 lleus
1490 880 1594 930 noster
1614 881 1682 932 ante
1697 877 1806 935 saecula

130 961 280 1016 Mediator
294 961 345 1018 Dei
359 966 389 1018 et
399 961 556 1018 hominum
571 962 703 1019 christus
715 965 799 1020 Jesus
810 964 924 1020 pedem.
977 961 1109 1011 nostram
1124 957 1260 1029 dignatus
1275 965 1320 1014 est
1333 964 1448 1032 operari
1464 963 1717 1037 salutem,poterit
1730 966 1802 1022 sub-

89 1050 210 1122 ptionis
223 1049 363 1106 humana}
378 1051 553 1122 mysterium
566 1051 753 1123 impleturus,
763 1069 866 1125 pacem
878 1053 923 1108 di.
977 1045 1208 1116 venirl‚plelliim
1221 1063 1326 1118 pacem
1336 1049 1381 1106 Vel
1394 1054 1511 1124 treugas
1522 1053 1626 1126 longiis
1634 1054 1741 1110 saliem
1755 1073 1807 1111 us·

91 1137 223 1209 scipulis
241 1154 296 1210 pro
318 1137 491 1194 haereditate
508 1137 624 1210 legavit,
638 1144 671 1194 ut
691 1156 757 1196 eam
773 1147 924 1198 servarent
977 1149 1035 1205 que
1049 1134 1087 1189 ad
1102 1135 1341 1207 quinquennium
1356 1139 1439 1195 ineas
1455 1145 1483 1196 et
1498 1141 1654 1211 observes;
1670 1143 1711 1200 ita
1724 1144 1804 1215 quod

93 1227 268 1281 adinvicem
283 1231 313 1282 et
327 1226 364 1282 ad
378 1225 614 1283 observationem
630 1228 696 1300 ejus
711 1234 833 1284 caeteros
848 1231 923 1285 invi·
977 1222 1095 1278 interim
1106 1225 1221 1279 nullum
1231 1226 1365 1282 alterutri
1375 1228 1454 1284 circa
1462 1229 1672 1301 proprietatem
1680 1231 1726 1287 vel
1736 1249 1807 1304 pos·

93 1318 207 1380 tarent,
230 1316 339 1382 Pacem,
357 1314 507 1385 inquiens,
521 1331 607 1370 meam
622 1317 656 1371 do
670 1318 755 1385 vobis,
767 1333 863 1388 pacem
878 1335 923 1372 re.
977 1312 1141 1368 sessionem
1157 1330 1260 1370 eorum
1276 1331 1342 1386 qua
1353 1331 1371 1372 a
1384 1318 1499 1389 reliquo
1511 1317 1808 1394 detinentur,praeju-

95 1405 194 1472 linquo
209 1403 286 1458 vohis
300 1403 390 1475 (loon.
408 1419 465 1470 arv,
480 1403 536 1472 27).
548 1405 704 1477 Prophetis
720 1422 837 1477 qnoque
853 1423 921 1462 mo-
977 1399 1086 1456 dicium
1102 1404 1424 1476 generetnr.hlioquin,
1441 1413 1704 1481 quantumcunque
1719 1409 1806 1466 nohis

91 1507 206 1546 namur
221 1490 347 1546 consilio
363 1496 397 1546 ut
412 1507 516 1563 pacem
532 1507 593 1547 uon
607 1494 703 1548 solum
722 1511 855 1564 quarere
870 1496 922 1551 sed
976 1490 1136 1546 molestum
1159 1492 1265 1547 existat
1288 1494 1497 1551 celsitudinem
1519 1497 1630 1570 regiam
1654 1498 1686 1553 in
1705 1497 1806 1569 aliquo

92 1582 187 1636 etiam
203 1579 343 1652 persequi
358 1579 530 1648 debeamus,
544 1583 667 1652 inquire,
681 1582 817 1650 dicentis,
826 1600 922 1654 pacem
977 1579 1145 1648 molestare,
1162 1582 1232 1651 quia
1256 1587 1358 1638 tamen
1383 1585 1476 1640 Deum
1491 1585 1544 1641 tihi
1560 1587 1761 1658 praeponimus
1777 1592 1808 1644 et

92 1677 118 1724 et
129 1685 298 1740 persequere
316 1685 375 1724 eom
396 1669 480 1740 (Psct.
496 1685 592 1738 xxxin,
610 1670 664 1741 15).
686 1670 767 1726 Unde
788 1688 854 1740 nos,
871 1672 922 1743 qni
937 1694 963 1760 Β
978 1683 1167 1725 communem
1177 1669 1335 1726 utilitatem
1349 1671 1557 1730 tuisdehemus
1570 1675 1734 1732 commodis
1746 1676 1806 1732 imo

91 1761 172 1815 vices
188 1759 310 1827 Christi,
325 1759 396 1815 licet
407 1759 807 1829 insufficientes,exercemus
821 1761 851 1817 in
863 1767 922 1817 ter-
977 1758 1076 1829 potius
1091 1758 1287 1814 incommodis
1303 1760 1461 1831 anteferre,
1475 1763 1532 1818 nisi
1548 1762 1585 1820 nd
1601 1765 1806 1822 commonitio-

91 1849 145 1916 ris,
162 1848 231 1921 ejus
247 1854 406 1920 sequentes
426 1849 595 1920 exemplum
618 1855 648 1904 et
668 1851 921 1921 predecessorum
976 1862 1045 1902 nem
1061 1846 1197 1918 ejusdem
1219 1847 1307 1921 legati
1327 1849 1502 1908 mandatum
1517 1853 1713 1924 apostolicum
1729 1855 1806 1910 inira

91 1941 270 1992 nostrornm
284 1936 531 1993 consuetudinem
547 1935 748 2005 imitantes‚ad
757 1939 921 1995 reformari·
976 1937 1119 2007 scriptum
1130 1937 1290 1992 terminum
1302 1938 1455 1996 humiliter
1467 1942 1614 2013 receperis
1622 1946 1652 1996 et
1661 1942 1804 2013 implere·
1866 1992 1873 2007 Ι

91 2025 163 2082 dam
177 2025 260 2080 inter
269 2024 484 2094 discordantes,
495 2041 571 2080 verae
581 2026 662 2097 pacis
671 2026 859 2082 concordiam
869 2028 919 2082 in·
974 2024 1027 2093 ris,
1044 2039 1079 2079 ex
1093 2030 1163 2080 tunc
1177 2025 1214 2080 de
1229 2029 1380 2083 communi
1391 2027 1516 2084 fratrum
1527 2035 1696 2086 nostrorum
1705 2032 1805 2086 oonsi-

92 2117 221 2172 tendere
232 2115 367 2172 volumus
378 2121 407 2173 et
417 2117 732 2188 tenemur;praesertim
741 2133 809 2174 curn
820 2119 921 2174 exdis-
975 2113 1015 2169 lio
1028 2118 1119 2169 totam
1135 2120 1244 2170 terram
1255 2119 1336 2171 tuam
1345 2116 1498 2190 subjacere
1512 2117 1701 2174 decernimus
1712 2119 1804 2175 inter·

90 2205 286 2262 cordantium
308 2205 441 2276 ipsorum
459 2204 582 2260 dissidio
604 2219 743 2278 magnum
769 2211 829 2262 tam
849 2208 920 2280 ipsis
974 2201 1052 2258 dioto
1080 2220 1087 2269 ;
1112 2203 1152 2258 ito
1167 2202 1257 2274 quod,
1273 2209 1381 2275 prater
1402 2205 1550 2278 baptisma
1566 2207 1756 2279 parvulorum
1773 2211 1804 2264 et

90 2311 186 2366 quam
199 2293 340 2349 Ecclesiis
349 2298 378 2348 et
391 2293 572 2366 pauperihus
582 2299 667 2350 terras
679 2311 739 2350 suae
752 2297 812 2352 imo
823 2302 852 2352 et
866 2298 920 2352 toti
974 2291 1162 2362 poenitentias
1175 2292 1495 2360 morientium‚nullum
1507 2295 1537 2350 in
1549 2311 1584 2351 ea
1592 2296 1723 2350 divinum
1734 2297 1802 2352 olil-

90 2385 265 2440 Christiano
276 2383 385 2455 populo
396 2385 565 2455 provenerit
575 2383 921 2456 detrimentum.Nam‚ut
974 2379 1051 2434 cium
1064 2379 1324 2446 celebretur.Quod
1333 2381 1357 2434 si
1367 2398 1423 2438 neo
1433 2399 1487 2453 per
1499 2383 1575 2439 hanc
1586 2383 1801 2442 districtionem

91 2479 227 2546 stragem
246 2473 387 2540 virorum,
403 2473 603 2530 Ecclesiarum
613 2474 792 2546 gravamina,
809 2491 921 2548 paupe·
974 2467 1142 2539 impleveris
1161 2468 1241 2539 <itl⁰d
1261 2469 1449 2538 mandamus,
1466 2471 1605 2543 teipsum,
1626 2473 1757 2530 lautores
1773 2480 1802 2531 θῐ

91 2577 161 2615 rum
179 2559 405 2631 oppressionem
421 2566 450 2616 et
472 2561 561 2616 totius
581 2567 642 2616 tam
658 2561 815 2617 Gallicanae
830 2578 920 2633 quam
974 2556 1160 2613 consiliarios
1175 2558 1354 2629 principales
1365 2559 1564 2616 ecclesiastica
1579 2561 1734 2618 severitate
1747 2579 1803 2618 no-

92 2647 268 2721 hnglicanae
283 2648 379 2720 gentis
393 2648 558 2720 pericnlum
571 2665 637 2720 quae
651 2655 772 2721 propter
783 2667 920 2722 guerram
973 2645 1050 2700 veris
1066 2645 1245 2702 coercendos
1262 2663 1269 2700 :
1286 2646 1415 2718 idipsum
1432 2647 1468 2704 de
1492 2653 1571 2704 terra
1585 2650 1662 2722 regis
1677 2651 1803 2724 englis,

92 2755 187 2810 quam
202 2743 234 2792 tu
245 2743 275 2793 et
289 2737 483 2794 charissimus
496 2739 526 2792 in
537 2739 652 2795 Christo
664 2739 743 2796 illius
753 2746 855 2796 noster
869 2758 920 2796 rex
974 2733 1038 2805 ipso
1053 2734 1153 2802 etiam,
1172 2734 1337 2790 lautorihus
1353 2737 1425 2806 suis,
1442 2737 1619 2794 consiliariis
1632 2738 1801 2796 decernen-

91 2825 921 2900 Anglorumtllustrisadinvicemexercetisproveuerunt
974 2822 1256 2879 ies·Venerabilib¹ls
1267 2824 1356 2880 etiam
1371 2824 1512 2881 fratribus
1526 2828 1635 2883 nostris
1654 2828 1800 2901 archiepi-

92 2917 242 2972 hactenus
253 2919 414 2982 taceamus,
424 2917 575 2972 communi
587 2915 688 2988 populi
697 2917 855 2974 Christiani
869 2918 918 2973 di·
974 2911 1081 2984 scopis,
1097 2913 1243 2984 episcopis
1259 2919 1289 2968 et
1302 2913 1418 2970 dilectis
1434 2915 1504 2971 liliis
1518 2915 1801 2988 abbatibus,p1iori-

90 3003 220 3078 spendio
249 3008 278 3058 et
301 3003 415 3060 excidio
438 3005 692 3076 ierosolymitanae
716 3007 872 3078 provinciae
887 3011 919 3062 tu
933 3050 959 3117 G
973 3000 1028 3057 hus
1043 3007 1072 3056 et
1082 3001 1227 3058 universis
1239 3003 1437 3059 Ecclesiarum
1451 3003 1744 3079 praelatisutriusqne
1755 3023 1802 3062 re·

39 3089 42 3092 ’
90 3099 123 3148 et
136 3093 202 3164 ipse
217 3107 338 3148 causam
351 3093 491 3148 videmini
507 3094 679 3164 prestitisse
699 3100 730 3150 et
752 3095 916 3164 materiem,
972 3090 1032 3163 gni,
1048 3090 1102 3146 suh
1113 3107 1200 3162 poena
1209 3091 1325 3147 ordinis
1336 3096 1366 3146 et
1376 3090 1466 3148 oisscii
1483 3092 1528 3148 sui
1543 3093 1720 3149 mandamus
1732 3099 1761 3150 et
1771 3095 1801 3149 in

90 3198 174 3248 cum,
188 3179 359 3238 hominihus
380 3181 535 3256 utriusque
556 3183 641 3256 regni
656 3188 778 3255 propter
792 3189 873 3239 tuam
889 3189 918 3239 et

90 3271 159 3342 ejus
175 3270 393 3326 dissensionem
408 3271 610 3340 detentis,non
626 3272 797 3343 solumquae
808 3273 917 3328 amissa

89 3359 213 3414 fuerant
225 3359 262 3414 ah
277 3359 362 3415 initio
374 3359 550 3432 inpartibus
561 3360 768 3417 transmarinis
783 3361 916 3417 nondum

90 3450 262 3522 recuperari
278 3450 502 3522 potuerint,imo
518 3451 564 3507 his
579 3452 668 3507 etiam
683 3469 769 3525 grave
784 3452 917 3508 videatur

91 3538 259 3610 periculum
280 3539 439 3596 imminere
463 3555 528 3611 quae
548 3556 566 3596 a
584 3541 758 3596 Christianis
772 3541 916 3598 hactenus

91 3629 475 3701 suntposssessa.hntiqnis
486 3629 916 3687 enimettristihusrumorihus

90 3717 161 3772 novi
176 3733 211 3772 ac
223 3717 370 3773 tristiores
386 3733 581 3789 supervenere
592 3734 737 3786 rumores,
754 3718 833 3788 quod
848 3735 915 3774 cum

89 3804 243 3860 Teutonici
258 3805 356 3861 Accon
369 3804 494 3878 navigio,
510 3811 578 3874 etc,
589 3821 674 3876 usque
688 3806 724 3860 od
741 3807 853 3862 verbum
867 3824 915 3863 as·

90 3892 289 3960 sumite.Quia
298 3909 366 3948 vero
376 3910 431 3948 nos
441 3893 477 3949 ad
488 3893 713 3949 subventionem
721 3898 805 3950 terra
816 3894 915 3951 orien-

91 3982 170 4048 talis,
187 3985 248 4037 tam
270 3983 301 4037 in
325 3982 461 4053 personis
476 3998 566 4052 quam
580 3981 681 4050 rebus,
697 3982 822 4040 dilectos
837 3985 915 4040 filios

89 4076 211 4126 nostros
235 4069 401 4126 Sotiredum
424 4070 502 4126 tituli
532 4071 644 4126 Sanctae
670 4071 810 4128 Praxedis
834 4077 863 4127 et
881 4075 913 4130 P.

90 4161 206 4215 Sanctae
226 4159 369 4215 Mariam
386 4160 438 4215 Via
452 4161 522 4216 Lata
536 4160 727 4217 diaecardin.
744 4161 914 4233 apostolica

91 4248 170 4305 sedis
185 4248 309 4321 legatos,
329 4248 407 4304 viros
433 4250 586 4306 honestate
600 4267 729 4319 morum,
745 4252 914 4308 maturitate

90 4336 209 4392 consilii
223 4342 253 4392 et
265 4337 389 4393 scientia
400 4338 664 4410 reverendos‚quos
678 4341 757 4396 inter
770 4339 844 4396 alios
854 4339 915 4396 ira-

971 3179 1078 3235 virtute
1094 3179 1218 3251 Spiritus
1231 3181 1325 3236 sancti
1336 3181 1565 3253 pracipimusut
1575 3181 1723 3238 interdicti
1733 3198 1803 3238 sen-

972 3269 1096 3324 tentiam
1105 3267 1269 3324 secuudum
1278 3269 1615 3342 praescriptamlormam
1624 3271 1803 3326 inviolabili-

971 3363 1017 3413 ter
1031 3358 1170 3414 studeant
1183 3358 1338 3414 observare
1354 3363 1383 3414 et
1396 3357 1507 3414 faciant
1516 3358 1552 3414 ab
1563 3359 1630 3414 aliis
1645 3360 1801 3432 irrefraga-

970 3445 1070 3501 biliter
1080 3445 1323 3502 ohservarildem
1334 3445 1424 3502 etiam
1432 3446 1572 3502 tratribus
1587 3446 1699 3502 milities
1711 3448 1799 3503 Tem-

970 3535 1011 3607 pli
1022 3551 1057 3592 ac
1068 3534 1325 3606 hierosolymitani
1340 3534 1498 3606 llospitalis
1509 3534 1563 3591 suh
1578 3534 1804 3612 privilegiomml

970 3623 1384 3696 etindulgentiarumsuarum
1393 3623 1799 3693 poenamandamus,oreden-

970 3717 1014 3768 tes
1030 3729 1063 3768 er
1080 3713 1136 3768 hoc
1149 3729 1209 3768 non
1224 3711 1367 3767 voluntati
1384 3717 1441 3767 tuae
1456 3712 1508 3767 sed
1523 3711 1655 3781 utilitati,
1677 3727 1738 3768 non
1752 3713 1798 3768 ai-

968 3801 1058 3857 feotui
1072 3801 1123 3856 sed
1136 3801 1356 3874 profectui‚non
1369 3800 1452 3856 oneri
1463 3799 1514 3856 sed
1524 3801 1630 3856 honori
1640 3801 1797 3858 consulere

970 3891 1083 3962 totique
1107 3891 1272 3946 Christiano
1298 3889 1410 3962 populo
1438 3889 1601 3961 providere.
1632 3889 1796 3948 statuimus

970 3980 1059 4036 etiam
1073 3985 1107 4034 nt
1121 3980 1145 4034 si
1156 3979 1223 4050 quis
1236 3977 1358 4034 omnino
1369 3977 1495 4034 clericus
1510 3977 1714 4050 cujuscunque
1725 3995 1794 4050 pro-

968 4069 1107 4124 fessionis
1117 4069 1162 4124 vel
1171 4067 1358 4140 ordinispost
1367 4066 1558 4123 interdictum
1571 4071 1707 4124 nostrum
1718 4066 1793 4122 divi-

969 4174 1042 4214 num
1056 4158 1108 4213 tibi
1118 4157 1342 4229 praesumpserit
1352 4154 1483 4212 officinm
1497 4155 1794 4224 ministrare,ordinis

969 4253 998 4303 et
1012 4247 1149 4302 beneficii
1166 4246 1211 4302 sui
1223 4261 1253 4302 se
1268 4243 1556 4315 noveritpericulum
1567 4243 1792 4300 incurrissenlt-

969 4335 1073 4391 tendas
1089 4333 1232 4408 igitur,illi
1246 4333 1430 4402 charissime,
1442 4337 1576 4388 nostrum
1593 4336 1622 4386 et
1634 4336 1728 4402 apost.
1743 4347 1791 4386 se·

90 4431 150 4480 tres
165 4431 285 4480 nostros
296 4426 417 4498 speciali
429 4427 571 4483 charitate
582 4427 913 4501 diligimus,ministerio
927 4415 953 4480 D
970 4423 1016 4478 dis
1031 4429 1088 4478 tuas
1103 4423 1207 4478 matris
1222 4424 1371 4489 allectum,
1386 4436 1505 4477 oausam
1521 4419 1683 4476 coactionis
1699 4419 1790 4490 inspi-

26 4543 31 4554 ·
89 4514 914 4588 propriosanctoecmcischaracterecuravimusinsigni-

90 4603 132 4657 ri:
145 4619 183 4658 ne
198 4602 271 4673 quid
287 4620 322 4659 ex
337 4603 577 4676 contingentibus
599 4605 735 4661 omittere
750 4605 911 4674 videamur,

88 4691 200 4748 dictum
212 4693 325 4748 Sanctae
337 4693 433 4748 Marisa
446 4693 476 4748 in
492 4693 544 4748 Via
559 4693 628 4748 Lata
639 4693 911 4762 diaccardinalem,

88 4782 183 4836 virum
198 4781 912 4853 scientiapraeditum‚honestatepraclarum,lleo

88 4869 309 4938 ethominihus,
325 4869 403 4925 sicut
416 4885 580 4942 speramus,
596 4876 760 4942 acceptum,
777 4871 813 4927 ad
829 4877 910 4927 tuam

88 4958 906 5032 etejnsdemregispraeentiamduximusdestinaudum.

87 5045 911 5122 legationiseioltloiumcommittentesldeoquesereni-

86 5139 176 5190 tatem
187 5139 268 5190 tuam
282 5150 431 5206 rogamus,
447 5153 604 5192 monemus
617 5143 644 5191 et
658 5137 909 5196 inremissionem

87 5222 268 5294 injungimus
276 5228 464 5293 peecatorum
472 5227 908 5300 quatenuseumsicutlegatum

86 5311 253 5384 apostolicae
269 5311 348 5370 sodis
360 5313 508 5385 recipiens
520 5320 549 5370 et
558 5316 760 5384 honorans,ad
775 5318 908 5373 oxlrorta·

87 5403 196 5457 tionem
204 5406 335 5458 nostram
347 5406 377 5458 et
385 5403 449 5474 ejus
457 5405 535 5461 inira
546 5406 671 5462 duorum
682 5405 830 5462 mensium
840 5425 908 5480 spa-

84 5493 156 5550 tium
168 5495 235 5562 post
247 5493 448 5563 receptionem
459 5495 650 5565 presentium
661 5501 690 5550 et
699 5497 906 5552 commonitio-

967 4515 1027 4570 cias
1043 4519 1072 4569 ei
1086 4514 1236 4570 communi
1252 4512 1371 4568 utilitati
1387 4509 1677 4583 prospiciensmotui
1692 4510 1791 4565 camis

967 4599 1791 4675 animaepraeponesalutemetsensnalitatipraeferasra-

967 4693 1078 4748 tionem
1089 4709 1096 4760 ;
1109 4708 1169 4746 non
1190 4689 1360 4761 apostolicos
1378 4688 1439 4744 sedi
1456 4689 1536 4762 regia
1550 4693 1695 4760 potestate
1710 4683 1790 4744 resi-⁸

967 4787 1058 4852 stens,
1075 4781 1127 4837 sed
1150 4779 1317 4836 humilitate
1333 4777 1469 4832 deterens
1490 4777 1591 4846 filiali3
1608 4794 1674 4849 quae
1688 4777 1718 4832 in
1735 4777 1790 4832 hoc

966 4872 1054 4926 etiam
1080 4871 1206 4926 salutem
1232 4874 1312 4924 tuam
1337 4871 1477 4939 procurat
1505 4867 1617 4938 pariter
1644 4871 1674 4922 et
1694 4867 1789 4922 hono-

964 4977 1038 5016 rem.

999 5051 1137 5120 Scriptum
1162 5055 1200 5104 cst
1224 5051 1254 5103 in
1281 5047 1402 5103 ruendam
1423 5046 1532 5102 modum
1547 5049 1578 5102 lt.
1604 5049 1707 5103 illustri
1728 5048 1788 5116 reqt

963 5139 1121 5206 inpiorum.
1138 5139 1276 5208 Scriptum
1298 5141 1336 5190 est
1358 5151 1441 5205 super
1461 5135 1509 5188 hoc
1531 5136 1661 5190 universis
1688 5135 1786 5190 orchi-

962 5229 1104 5298 apiscopis,
1121 5228 1272 5298 episcopis,
1296 5225 1454 5290 collatitiae,
1474 5225 1615 5294 prioribus
1636 5229 1661 5278 et
1684 5227 1787 5281 coetcris

964 5317 1144 5372 Ranisstorum
1159 5316 1281 5388 pretatis
1295 5316 1325 5368 in
1347 5315 1488 5384 utrimque
1503 5314 1574 5383 repis
1589 5327 1672 5383 reqno
1686 5315 1786 5370 consti-

962 5409 1036 5461 tutis.
