3952 6056
618 177 871 290 renuncians
888 223 986 284 tuno
1004 215 1027 296 t,
1047 225 1185 287 unatsn
1204 231 1283 287 risa.
1753 235 1805 290 vro

472 359 561 417 οχορ
934 353 964 422 Α
980 351 1185 413 inobedientes
1193 356 1314 426 luerint,
1321 355 1803 416 animadversionisecclesiasticas

209 467 424 512 ,mmmm
442 467 476 508 ῃ
494 464 651 508 mmm,
672 465 808 506 sassones,
979 445 1258 519 sententiacogere3
1270 447 1328 504 nisi
1341 453 1445 504 contra
1455 449 1511 503 boc
1521 447 1611 503 alicui
1624 447 1714 504 luerit
1724 448 1803 505 sedis

129 546 263 614 Clericus,
280 547 331 617 qui
345 561 411 601 casa
428 558 546 615 puerum
566 541 712 608 arrideat,
728 537 888 596 absolvitur.
979 533 1148 603 apostolicas
1159 536 1586 593 auctoritateindaltumutad
1597 537 1803 610 suscipiendos

367 643 485 718 (napum
501 647 531 698 ug
545 641 653 714 supra.)
978 619 1099 678 ordines
1121 638 1181 678 non
1199 630 1329 696 cogatur.
1337 625 1373 680 Et
1383 627 1454 697 quia
1468 628 1589 682 Trecan.
1601 625 1732 682 Ecclesia
1745 631 1802 683 tuas

886 749 926 800 ta·
976 711 1138 782 provisioni
1150 713 1320 782 commissa,
1330 717 1380 770 tuo
1391 714 1479 770 debet
1488 714 1804 787 moderamineguber-

976 799 1040 856 nari
1052 816 1108 856 nec
1120 801 1200 858 ullus
1211 801 1376 862 inmessem
1387 795 1703 860 tibicreditamialoem
1714 803 1804 860 debet

976 891 1802 964 ausutemerariomittere,praesentiumauctoritatesta·

973 977 1087 1034 tuimus
1102 983 1135 1033 ut
1149 979 1224 1036 nulli
1236 978 1422 1037 subditorum
1434 985 1553 1038 tuorum
1564 981 1661 1051 liceat,
1671 986 1739 1055 post
1748 997 1799 1054 ap·

974 1065 1168 1138 pellationem
1179 1067 1799 1144 adterationabiliterlactam,parochianos

974 1157 1040 1212 tuos
1051 1157 1358 1214 excommunicatione
1379 1158 1542 1231 percellere
1557 1159 1603 1214 vel
1622 1161 1798 1218 commissas

973 1245 1028 1301 tibi
1042 1245 1190 1302 Ecclesias
1203 1262 1370 1320 supponere
1384 1247 1553 1304 interdicto.
1570 1243 1653 1315 Quod
1675 1250 1699 1306 si
1721 1267 1798 1322 praa·

974 1339 1125 1406 sumptum
1140 1333 1238 1404 luerit,
1256 1336 1433 1392 sententiam
1452 1337 1642 1395 decernimus
1667 1353 1727 1394 non
1754 1343 1796 1396 te·

973 1439 1061 1490 nere;
1074 1429 1103 1479 et
1114 1423 1139 1479 si
1155 1439 1215 1480 non
1231 1424 1417 1497 praecedente
1432 1423 1632 1498 appellatione
1648 1429 1798 1486 sententia

972 1509 1040 1568 talis
1055 1511 1091 1568 ab
1106 1511 1207 1585 aliquo
1223 1511 1410 1570 subditorum
1425 1520 1543 1572 tuorum
1567 1515 1657 1572 luerit
1679 1516 1798 1574 irratio-

972 1601 1114 1657 nabiliter
1141 1601 1337 1676 promulgata,
1364 1605 1544 1661 sententiam
1574 1605 1664 1662 talem
1689 1605 1797 1676 valeas,

976 1695 1064 1762 prout
1073 1691 1189 1764 justum
1204 1691 1303 1760 luerit,
1318 1692 1462 1748 relaxare.
1479 1693 1574 1749 Nullis
1588 1693 1697 1751 litteris
1712 1694 1797 1750 insti-

976 1781 1083 1836 tutioni
1108 1781 1260 1837 canonica
1283 1781 1490 1856 prejudicium
1505 1781 1684 1838 iacientibus
1697 1800 1714 1839 a
1729 1781 1799 1839 sede

974 1869 1139 1943 apostoliea
1152 1870 1330 1943 impetratis.

1009 1959 1115 2016 batum
1128 1962 1228 2016 Roma
1243 1959 1322 2032 apud
1337 1960 1477 2017 Sanctum
1492 1959 1622 2016 Petrum.

130 751 369 828 Exposuitnobia
379 750 506 808 dilectus
517 749 596 806 illius
607 751 643 805 u.
653 747 808 824 presbyter
817 744 854 801 de
866 746 883 800 S

87 845 189 912 bulis,
200 842 282 916 quod
294 858 362 900 cum
387 838 459 897 olim
472 840 612 896 invitatus
626 855 644 895 a
659 836 836 912 quibusdam
852 849 925 906 pue-

88 936 147 1004 ris,
160 935 199 990 de
219 948 312 990 manu
331 931 421 988 anius
440 944 543 987 eorum
562 944 663 984 arcum
675 925 821 998 receperit
835 928 864 981 at
878 939 925 980 sa-

90 1025 215 1098 gittam,
232 1028 262 1078 at
277 1037 342 1078 eam
357 1020 484 1095 dirigere
496 1017 622 1076 voluerit
643 1017 674 1072 in
695 1013 832 1072 arborem
857 1031 923 1087 qua

88 1113 246 1179 obstabat,
262 1125 354 1168 mauu
368 1113 488 1166 errante
501 1108 608 1182 sagitta
626 1105 731 1164 eedem
751 1104 923 1161 discurrens

85 1219 145 1276 per
160 1217 276 1268 aerem,
285 1215 410 1272 puerum
422 1198 581 1270 quemdam
591 1193 674 1252 valde
689 1194 851 1250 distantem
862 1210 923 1250 mo-

84 1293 193 1350 dicum
204 1289 370 1346 vulneravit
379 1289 411 1346 in
419 1288 516 1360 capite
524 1304 531 1355 ;
540 1290 662 1360 propter
673 1281 838 1358 quodidem
849 1299 923 1356 puer

85 1381 230 1438 creditur
243 1377 434 1452 postmodum
456 1377 631 1450 exspirasse.
645 1373 729 1442 Quod
751 1389 819 1430 cum
841 1372 921 1428 idem

84 1469 251 1542 presbyter
260 1467 347 1524 bona
358 1465 511 1524 memoriae
522 1466 554 1522 G.
564 1462 775 1538 predecessori
786 1467 848 1531 tuo,
856 1461 920 1518 tra-

85 1565 136 1616 ter
146 1557 386 1630 archiepiscope,
394 1561 500 1628 sponte
518 1550 814 1611 curassethumiliter
827 1551 920 1612 conil-

86 1649 234 1722 teri,ipse
244 1645 449 1719 paenitentiam
463 1649 492 1699 et
500 1643 710 1700 contritionem
720 1641 814 1713 ipsius
825 1643 922 1696 atten-

87 1737 179 1803 dens,
191 1733 437 1808 superbenetlcio
448 1733 586 1790 Ecclesia
597 1731 635 1787 de
646 1729 774 1788 Stabulis
785 1745 874 1800 quam
888 1729 919 1785 in
935 1715 961 1780 Β

88 1825 339 1884 archidiaconatu
350 1822 462 1892 tuo,llli
481 1820 699 1888 archidiacone,
715 1817 840 1890 adeptus
854 1818 919 1872 lue·

87 1921 149 1982 rat,
159 1911 395 1972 misericorditer
407 1908 600 1983 dispensavit,
609 1908 750 1980 utipsum
765 1906 863 1980 quoad
876 1905 920 1961 vi·

87 2002 363 2076 veretpossideret;
376 1998 524 2057 mandans
537 1999 634 2055 eidem
644 2001 678 2053 ut
686 1996 723 2053 ad
734 1995 836 2053 sedem
847 2012 917 2068 apo-

87 2093 229 2150 stolicam
240 2087 560 2158 accederet,mandatis
569 2103 659 2158 super
668 2085 766 2142 oillcio
777 2085 919 2157 apostoli·
1337 2086 1433 2142 cxcn

87 2183 133 2239 cis
149 2181 314 2256 pariturus.
329 2179 404 2244 Quia
417 2194 486 2235 vero
500 2177 533 2232 in
549 2175 606 2233 hoc
621 2192 681 2232 non
697 2191 733 2230 ex
755 2174 916 2244 voluntate,
1032 2213 1165 2256 mom
1186 2215 1397 2256 mmmm
1416 2215 1449 2256 ῃ
1466 2216 1580 2257 mm·
1600 2216 1731 2258 mmm

88 2273 171 2328 siout
184 2268 362 2336 asserit,sed
380 2283 450 2324 casu
469 2257 605 2337 deliquit,
623 2263 917 2364 discretionivestrae
972 2308 1010 2363 Ne
1023 2306 1092 2378 quid
1103 2307 1132 2360 m
1144 2307 1289 2376 proprium
1304 2307 1472 2362 commodum
1494 2313 1520 2362 a
1544 2324 1725 2366 successorum
1744 2311 1793 2365 de-

87 2357 431 2434 perapostolicascripta
438 2355 918 2426 mandemusquatenus,sisarum
1140 2379 1296 2432 ‘nmmum
1309 2379 1435 2434 emim·
1447 2380 1623 2436 mmm

89 2447 228 2520 estquod
240 2445 468 2513 assentientem
485 2460 554 2502 cum
569 2459 604 2498 eo
622 2439 859 2498 misericordiam
873 2445 916 2496 at·

89 2537 263 2604 tendentes,
279 2533 395 2606 quode
417 2529 856 2604 dictoarchiepiscopolactum
872 2532 918 2585 est
1456 2595 1462 2608 ⁹
1549 2595 1555 2606 .
1653 2595 1658 2608 ⁸
1748 2597 1754 2609 Ι

87 2633 191 2684 mmm
214 2623 359 2682 habente,
383 2627 412 2678 et
427 2621 558 2689 firmum,
574 2636 642 2676 ,um
667 2634 757 2690 sup„
771 2617 916 2674 beneflcio
1005 2593 1078 2649 Cum
1093 2609 1198 2650 omnes
1212 2609 1304 2648 unum
1320 2609 1426 2665 corpus
1440 2605 1533 2650 simus
1549 2610 1579 2650 m
1592 2595 1794 2664 Gbrrst0,s1n·

87 2713 235 2790 praedicto
252 2715 372 2785 propter
382 2710 438 2766 boo
448 2707 794 2766 nullatenusmolestetis
805 2711 916 2779 autpa·
969 2681 1030 2780 ,8¹¹5
1040 2688 1141 2782 “niem
1152 2682 1227 2781 {mer
1237 2682 1360 2782 alteim}
1374 2681 1717 2785 mefnbf³‘‚¹¹⁰¹¹,d⁸¹‚'⁶⁰t
1731 2702 1796 2743 ¹¹¹⁸*

88 2803 209 2861 flamini
224 2801 262 2858 ab
274 2800 335 2857 inis
354 2799 519 2857 molestari·
966 2769 1796 2844 Joresmrnorrbusautsenrorespumonbusinv·1dere;sed

125 2894 246 2959 napum,
262 2893 318 2946 eto,
968 2875 1074 2916 amnes
1085 2859 1136 2931 qui
1145 2860 1177 2916 in
1186 2873 1248 2915 una
1257 2859 1449 2918 Ecclesiauni
1466 2861 1591 2916 Domino
1603 2860 1796 2932 famulantur,

459 2967 552 3025 cxci.
970 2949 1035 3021 pari
1059 2947 1207 3021 gaudeant
1231 2947 1388 3018 libertate3
1404 2966 1472 3006 curn
1488 2951 1606 3022 pondus
1626 2955 1655 3006 el
1669 2953 1797 3024 pondus,

364 3072 478 3116 mm,
499 3071 637 3113 muscoso,
933 3053 1115 3151 Cmensura
1129 3041 1158 3093 at
1181 3053 1332 3106 mensura,
1348 3042 1508 3111 utrumque
1533 3037 1734 3098 abominabile
1760 3043 1799 3098 sit

91 3153 127 3208 Ut
150 3149 240 3224 plura
260 3148 387 3216 beneflcio
410 3145 546 3212 babentes,
563 3145 703 3212 resipuere
726 3147 921 3212 capurtami
974 3123 1392 3199 apudlleumetevangalicus
1403 3127 1626 3199 paterfamilias
1640 3131 1703 3200 pari
1720 3147 1799 3186 mer-

128 3221 206 3293 puod
231 3219 342 3274 olerims
355 3233 426 3284 suos,
443 3215 553 3287 armac
572 3215 686 3286 publice
703 3215 777 3270 solus
788 3214 921 3285 postulet,
974 3216 1045 3272 cede
1061 3217 1274 3288 primosvineaa
1286 3233 1346 3273 suaa
1357 3219 1509 3289 operarios
1525 3221 1759 3276 remuneraverit
1769 3226 1799 3277 et

131 3293 170 3358 ad
181 3293 299 3363 mimi
313 3290 421 3344 millii
444 3287 629 3358 8Μθθῑὲήθηᾶθΰ
648 3285 808 3356 c‘’vitient'‘
829 3291 921 3356 illim·
974 3306 1247 3361 extremos.Verum
1263 3305 1299 3362 ad
1314 3307 1496 3362 audientiam
1513 3308 1797 3378 apostolatusnostri

305 3375 402 3450 (ΑΡ1κί
416 3376 557 3432 sancium
572 3376 715 3441 Petrum.)
973 3393 1108 3465 pervenit
1118 3393 1197 3465 quod
1207 3391 1308 3448 dilecti
1320 3393 1374 3449 lilii
1384 3394 1658 3464 Trecencanonici,
1668 3398 1797 3469 propriis

129 3483 261 3557 an'uacti
269 3481 355 3539 uobis
363 3480 454 3537 olllcii
469 3481 584 3538 ratione
597 3478 805 3552 compellimur
813 3484 842 3536 et
852 3480 923 3537 cha·
974 3480 1124 3537 inhiantes
1148 3481 1313 3538 commodis
1326 3488 1356 3537 et
1370 3481 1497 3539 aliorum
1519 3483 1701 3555 profectibus
1721 3485 1795 3541 invi·

93 3572 195 3630 sitatis
209 3571 311 3628 debito
325 3585 519 3644 provocemur
531 3568 673 3625 fratribus
695 3573 725 3624 et
738 3568 922 3640 coepiscopis
975 3571 1203 3640 dentes,novum
1215 3571 1349 3628 iecerunt
1364 3573 1394 3628 in
1410 3574 1532 3630 Trecen.
1542 3572 1673 3630 Ecclesia
1687 3575 1796 3631 consti·

93 3663 208 3720 nostris
221 3662 253 3717 in
265 3660 327 3718 suis
333 3659 424 3732 justis
434 3657 628 3732 petitionibus
637 3657 769 3714 favorem
784 3657 923 3730 apostoli·
973 3665 1080 3729 tutum,
1092 3665 1125 3716 ut
1139 3661 1183 3716 eis
1198 3665 1257 3716 tarn
1274 3661 1305 3716 in
1322 3661 1480 3734 presentia
1493 3677 1644 3732 suaquam
1661 3663 1797 3721 absentia

94 3769 164 3810 cum
175 3751 381 3825 impartirem
391 3749 442 3822 qui
454 3749 624 3821 specialiter
638 3749 669 3804 in
683 3752 796 3820 partem
811 3753 921 3804 nostras
973 3749 1107 3806 redditus
1117 3766 1186 3806 suos
1197 3766 1232 3805 ex
1247 3749 1362 3823 integro
1374 3751 1569 3823 percepturis,
1580 3751 1628 3824 qui
1646 3753 1676 3808 in
1693 3753 1796 3810 eadem

93 3843 309 3902 sollicitudinis
319 3847 389 3897 sunt
397 3839 502 3906 vocati,
512 3845 594 3895 tauto
605 3838 797 3894 commissum
808 3837 865 3894 sibi
876 3838 922 3894 ol·
972 3839 1104 3897 Ecclesia
1114 3837 1270 3912 postillam
1281 3839 1499 3897 institutionem
1511 3841 1631 3898 luerunt
1641 3841 1688 3899 vel
1697 3842 1733 3899 de
1745 3861 1798 3900 cae·

93 3934 199 3991 licium
209 3931 334 3988 liberius
349 3934 559 4001 exsequantur,
571 3933 682 4000 quanto
698 3943 729 3983 se
744 3931 774 3983 et
783 3927 854 4000 jura
869 3943 922 3984 sua
974 3933 1036 3985 tero
1046 3928 1157 3985 luerint
1167 3928 1449 3998 instituti,redditus
1462 3947 1498 3986 ex
1508 3945 1543 3987 ea
1553 3931 1584 3986 in
1594 3931 1797 3989 absentiauon

93 4022 204 4097 majori
215 4019 344 4077 viderint
354 4017 433 4074 sedis
443 4017 614 4090 apostolicas
625 4016 807 4090 benignitate
812 4016 919 4089 jovari.
972 4020 1149 4093 percipiant,
1162 4019 1214 4077 sed
1224 4026 1295 4077 tunc
1311 4020 1408 4076 solum
1421 4037 1489 4077 cum
1505 4022 1537 4076 in
1553 4039 1588 4079 aa
1601 4022 1713 4080 luerint
1722 4024 1798 4080 resi·

93 4113 271 4185 Eapropter,
281 4107 457 4166 venerabilis
467 4107 499 4162 in
514 4106 629 4162 Christo
643 4105 743 4174 irater,
760 4106 818 4162 tuis
829 4105 921 4179 justis
973 4106 1342 4177 dentes;cumsecundum
1350 4109 1617 4168 'lescen-Ecclesiae
1633 4119 1797 4169 consuetu·

93 4200 237 4275 precibus
251 4198 379 4271 benigno
394 4199 605 4252 concurrentes
619 4210 753 4263 assensu,
769 4194 806 4251 ad
821 4211 921 4252 axam·
972 4196 1058 4254 dines
1073 4213 1179 4254 omnes
1194 4199 1226 4254 iu
1241 4197 1297 4254 hoc
1312 4199 1521 4254 consueverint
1535 4215 1599 4255 esse
1620 4217 1717 4272 pares.
1732 4201 1797 4258 Sta-

94 4283 701 4364 plarprasdeoessorumnostrorumfelicis
711 4284 921 4341 memoriaeLu·
972 4291 1094 4342 luerunt
1109 4286 1199 4344 etiarn
1217 4291 1251 4342 ut
1265 4303 1333 4343 curn
1348 4286 1474 4360 singulis
1489 4286 1656 4360 prebendis
1671 4305 1794 4346 annexas

94 4380 132 4435 cii
142 4383 172 4434 et
181 4375 552 4433 ClementisRomanorum
563 4371 920 4446 pontillcumauctoritate
976 4375 1036 4430 sint
1045 4375 1148 4444 vineas,
1158 4375 1231 4446 ipsis
1244 4391 1322 4442 suas,
1332 4375 1403 4430 dum
1413 4374 1549 4444 vixerint,
1562 4377 1794 4450 possidentibus,

94 4467 148 4524 tibi
159 4462 352 4540 presentium
363 4462 552 4537 indulgemus
563 4467 595 4518 ut
606 4461 798 4518 clericosture
809 4461 918 4519 dioece·
933 4444 960 4510 D
975 4464 1067 4520 unae
1078 4463 1286 4521 decedentium
1302 4463 1340 4520 ad
1355 4480 1540 4521 successores
1556 4482 1616 4522 non
1630 4471 1793 4540 transeant,

95 4558 148 4626 sis,
162 4555 214 4627 qui
229 4558 334 4610 contra
359 4557 470 4609 statuta
492 4550 666 4611 lateranen.
683 4550 801 4607 concilii
822 4567 919 4624 prava
974 4550 1026 4608 sed
1036 4558 1195 4624 proventus
1206 4567 1306 4608 aarum
1314 4552 1529 4626 intersinpulos
1537 4553 1713 4612 dividantur.
1722 4559 1795 4616 Cum

95 4641 268 4718 cupiditatis
280 4639 385 4698 ardore
395 4639 497 4712 plures
507 4639 654 4695 Ecclesiae
666 4638 920 4696 relecclesiastica
974 4640 1063 4713 igitur
1077 4640 1156 4712 qnod
1172 4642 1298 4713 quisque
1310 4641 1388 4714 juris
1412 4641 1443 4697 in
1459 4640 1586 4700 alterum
1606 4647 1719 4717 statuit,
1731 4648 1795 4720 ipse

93 4729 389 4789 benellciadetinere
399 4727 595 4798 contendunt,
604 4745 672 4785 curn
683 4727 719 4784 de
729 4729 921 4801 proventibus
975 4727 1083 4785 debeat
1103 4729 1146 4785 uti
1168 4729 1282 4797 codem,
1299 4734 1328 4785 et
1343 4731 1485 4802 sapientis
1508 4729 1587 4789 dicat
1611 4737 1795 4806 auctoritas;

95 4821 187 4878 unius
210 4819 269 4892 ipsi
284 4833 413 4891 congrue
427 4815 545 4874 valeant
559 4817 730 4885 sustentari,
746 4817 784 4872 ed
798 4817 921 4873 canoni·
974 4821 1071 4874 Potare
1086 4819 1169 4889 tapam
1189 4835 1272 4890 quem
1292 4819 1397 4888 tulere,
1413 4819 1591 4878 iratemitati
1612 4830 1716 4882 vestra
1744 4842 1798 4899 par

95 4925 164 4967 cum
179 4907 278 4964 valeas
287 4905 429 4962 reducere
439 4905 779 4963 moderamenclericos
789 4922 856 4962 vero
867 4907 920 4963 Ec·
974 4908 1139 4980 apostolica
1151 4909 1260 4982 scripta
1268 4909 1445 4966 mandamus
1457 4913 1799 4985 quatenusantiquosca·

95 4998 195 5056 alesia
211 5001 280 5066 tue,
294 5011 370 5068 quos
389 4993 553 5051 necessitas
568 4993 760 5067 postulaverit
772 4993 807 5049 ad
822 5011 921 5050 sacros
975 4996 1099 5052 nonicos
1106 4995 1278 5071 Junioribus
1294 5000 1323 5052 et
1333 4997 1470 5071 juniores
1486 4999 1516 5054 ia
1532 5001 1721 5073 perceptione
1731 5001 1799 5058 sru-

96 5087 218 5144 ordines
232 5083 411 5159 promoveri,
424 5081 586 5140 secundum
599 5081 785 5157 privilegium
796 5083 831 5138 Μ.
844 5099 921 5155 praa-
975 5089 1076 5141 ctuum
1088 5091 1147 5142 tam
1160 5085 1388 5158 prebendarum
1400 5103 1488 5158 quant
1501 5088 1654 5146 vinearum
1662 5106 1800 5162 coaeque-

1236 2483 1353 2556 (Datum
1368 2489 1399 2539 ut
1413 2485 1521 2556 supro.)

96 5174 309 5232 decesseritne
324 5169 790 5228 etsuccessoribustuisalelicis
805 5171 918 5228 record.
975 5173 1013 5230 tis
1041 5175 1184 5246 antiquis,
1203 5176 1367 5232 secundum
1396 5177 1525 5248 priorem
1552 5177 1800 5258 corisuetudinem

96 5263 264 5321 Alexandro
275 5279 353 5335 papa
363 5259 582 5334 predecessore
590 5265 692 5316 nostro
703 5259 863 5328 indultum,
879 5260 919 5316 li·
975 5280 1068 5334 usque
1084 5264 1120 5320 ad
1137 5269 1254 5338 tompus
1269 5266 1419 5338 praedictae
1435 5265 1630 5322 institutionis
1654 5276 1799 5328 servatam

96 5357 161 5410 ceat
170 5352 236 5422 tibi,
246 5353 270 5408 si
281 5349 382 5408 idonei
391 5347 607 5406 luerintnecde
618 5349 921 5420 canonicapotuerint
973 5352 1019 5407 vel
1030 5353 1194 5411 secundum
1205 5353 1413 5410 rationabilem
1426 5353 1644 5412 institutionem
1657 5356 1800 5434 deinceps

96 5441 284 5501 institutione
300 5439 418 5515 repelli,
433 5440 470 5498 ad
486 5438 606 5496 eosdem
617 5435 738 5495 ordines
755 5439 920 5512 suscipian·
974 5441 1275 5512 observandam,illos
1286 5459 1340 5517 per
1354 5441 1569 5500 districtionem
1581 5446 1671 5502 eccle.
1682 5450 1800 5521 percel-

97 5529 324 5590 dossecnndum
336 5527 627 5586 canonuminstituta
637 5527 828 5600 compellere,
839 5529 883 5584 vel
894 5530 918 5586 si
974 5530 1079 5597 lentas,
1092 5530 1115 5586 si
1132 5533 1183 5604 qui
1199 5531 1338 5589 duxerint
1353 5531 1551 5589 renitendum.
1569 5535 1663 5593 Nullis
1678 5536 1796 5599 litteris.
