3972 6068
82 343 134 398 677
597 341 849 400 PONTIFICATUS
867 338 964 396 ANNO
982 339 1019 410 11,
1038 339 1176 398 CHRISTI
1197 343 1275 398 ttae.
1736 343 1788 399 678

81 471 193 528 assidui
209 472 456 544 conquerentium
471 471 617 528 clamores
634 471 779 542 aliliqunt,
794 475 903 542 practer
916 472 946 537 A
961 485 1033 542 pore
1048 469 1218 527 donationis
1229 471 1518 539 exstitit,memorat0
1529 471 1688 544 praeposito
1699 474 1786 530 resti·

82 579 134 618 eos
148 560 256 632 quibus
270 577 339 632 pars
353 566 397 616 est
407 561 617 616 sollicitudinis
628 566 736 616 nostra
746 557 907 616 commissa
960 563 1043 616 tuere
1056 576 1116 616 uon
1132 560 1254 616 tardetis
1266 577 1274 628 ς
1289 559 1416 616 famulos
1432 576 1550 632 quoque
1563 575 1581 616 a
1596 559 1657 617 suis
1669 561 1785 632 praede·

82 667 149 706 cum
165 649 327 706 necessitas
342 649 441 721 exigit,
457 651 502 706 vel
523 649 648 721 requirit
662 648 787 716 utilitas,
813 647 844 703 in
860 647 907 702 di·
959 648 1127 704 sessoribus
1142 649 1311 706 infeudatos
1321 665 1380 722 quo
1391 649 1490 704 minus
1501 649 1597 706 dictus
1608 650 1785 722 praepositus

81 737 905 812 versasprovinciaslegatosanostrolateredestinamus,
959 739 1115 794 instituere
1130 739 1224 811 possit
1235 739 1361 796 etetiam
1371 739 1632 812 infeudare,prcut
1641 741 1678 796 ad
1687 741 1785 814 ipsum

82 828 191 902 quibus
205 833 286 884 tanto
302 828 430 900 amplius
441 827 611 884 credatura
630 827 768 894 subditis,
796 828 906 898 quanto
958 827 995 882 de
1014 827 1082 899 jure
1098 830 1236 899 pertinet,
1262 829 1407 902 impedire
1431 829 1557 885 minime
1583 831 1783 902 presumatis.

81 917 242 990 specialius
252 917 294 972 eis
304 917 474 990 apostolicas
485 917 564 973 sedis
576 914 905 988 auctoritasdelegatur.
958 915 1221 988 Alioquindilecto
1229 918 1502 991 lilioG.Tergcstino
1511 917 1784 992 electiprascipien·

81 1007 228 1063 Dilectum
241 1005 339 1079 itaque
351 1005 445 1063 filium
457 1011 592 1062 nostrum
601 1005 724 1062 fratrem
735 1004 906 1060 llainerium
958 1001 996 1058 do
1012 1003 1190 1060 mandamus
1200 1011 1232 1060 ut
1246 1005 1310 1077 ipse
1322 1023 1371 1062 vos
1386 1005 1424 1062 ad
1439 1023 1474 1062 ea
1489 1023 1555 1080 que
1571 1007 1783 1080 premisimus,

80 1097 176 1152 virum
190 1097 256 1152 vitra
266 1095 396 1168 probatu
410 1113 444 1152 ac
457 1095 688 1152 conversationis
697 1093 905 1161 bonestm,lleo
957 1097 1046 1163 prout
1052 1091 1168 1163 justum
1188 1093 1288 1161 fucrit,
1309 1111 1535 1166 percensuram
1552 1094 1784 1154 ecclesiasticam

81 1191 110 1241 et
126 1183 298 1240 hominibus
313 1184 436 1240 obtentu
449 1201 509 1240 sum
524 1183 677 1257 religionis
685 1187 905 1256 acceptum,cu-
957 1179 1157 1253 appellatione
1172 1188 1289 1238 remota
1299 1183 1469 1256 compellat.
1485 1183 1581 1242 Nullis
1593 1185 1713 1254 litteris,
1726 1191 1781 1242 etc.

74 1274 331 1348 jusscientiamet
341 1273 519 1329 industriam
529 1273 560 1329 in
571 1272 719 1329 similibus
726 1273 790 1344 jam
801 1285 904 1326 sumus
994 1269 1097 1325 ilatum
1114 1271 1261 1340 Laterani,
1275 1285 1303 1326 rv
1317 1272 1386 1328 Idus
1399 1273 1478 1329 Julii.

78 1363 370 1436 experti,commisso
381 1361 511 1435 eiplenae
521 1359 781 1435 legationisollloio
789 1359 825 1415 ad
837 1375 905 1432 par·
1317 1363 1424 1420 CXXV.

77 1459 123 1509 tes
135 1457 247 1508 vestras
272 1451 411 1508 duximus
430 1449 653 1518 destinandum,
670 1455 703 1504 ut
716 1447 824 1504 evellat
837 1465 903 1520 quas
1160 1467 1259 1508 voror.
1279 1468 1416 1510 canonico
1434 1469 1577 1510 rarescere.

77 1540 233 1598 evellenda
244 1540 414 1614 cognoverit
426 1540 577 1612 etplautet
591 1555 656 1610 que
668 1537 844 1610 plantatoris
852 1553 903 1593 co·
1093 1540 1126 1594 Ut
1134 1540 1291 1610 prebende
1304 1557 1360 1598 sua
1373 1545 1482 1611 (motas
1493 1545 1643 1615 percipiat.

74 1630 210 1703 gnoverit
224 1629 322 1686 officio
336 1628 480 1702 indigere,
493 1627 664 1701 specialiter
673 1631 773 1683 autem
788 1631 903 1698 etprse·
1190 1629 1348 1700 (Laterani,
1364 1647 1382 1686 u
1401 1630 1443 1687 ld.
1460 1631 1553 1706 tulii.)

74 1722 162 1792 cipue
172 1717 606 1776 adconiutandambasreticam
615 1717 791 1789 pravitatem
802 1731 906 1770 assur·
992 1717 1065 1772 Cum
1080 1715 1116 1774 de
1131 1719 1348 1775 consuetudine
1359 1721 1509 1794 Frisagan.
1523 1720 1655 1778 ecclesie
1668 1723 1783 1780 fructus

73 1805 898 1884 gatetscorpionumillorumaculeosomnipotentisllei
956 1806 1782 1880 praebendatusproponarishactenus,sicutetaliica·

73 1899 182 1954 eirtute
193 1897 336 1970 reprimat
346 1901 375 1953 et
390 1896 553 1962 conculcet,
564 1897 614 1968 qui
627 1895 706 1951 virus
717 1894 855 1950 draconis
867 1893 897 1950 in
914 1856 940 1923 Β
955 1895 1054 1952 uonici
1070 1895 1193 1964 iaciunt,
1209 1895 1303 1952 libere
1313 1898 1493 1970 percepisse,
1503 1897 1682 1956 nolentesut
1691 1915 1781 1972 super

71 2005 164 2046 aureo
180 1989 271 2044 calice
283 1986 621 2059 Babylonispropinaut,
634 1984 897 2050 babentessecun·
953 1985 1000 2040 his
1008 1984 1072 2057 J'uri
1087 1989 1137 2040 tuo
1153 2001 1294 2056 processu
1310 1986 1455 2058 temporis
1472 1986 1778 2062 praejudiciumgeue-

71 2079 145 2134 dum
159 2077 342 2150 Apostolum,
359 2077 488 2148 speciem
504 2075 633 2147 pietatis,
649 2081 787 2146 vprtutem
797 2079 897 2130 autern
953 2079 1045 2140 retur,
1061 2078 1094 2129 ut
1106 2089 1157 2128 eos
1167 2073 1203 2128 de
1214 2079 1332 2142 caetero,
1348 2074 1425 2130 sicut
1438 2073 1534 2130 iecisti
1545 2075 1700 2143 hacteuus,
1710 2092 1778 2150 per·

69 2169 137 2240 ejus
151 2168 270 2240 penitus
282 2166 463 2239 abnegantes
475 2185 482 2232 ;
499 2181 626 2236 quorum
638 2164 818 2236 principium
828 2163 898 2218 reli·
954 2162 1052 2234 cipere
1060 2161 1158 2217 valeas
1168 2167 1197 2217 et
1209 2161 1330 2231 habere,
1346 2161 1554 2220 nonobstante
1565 2163 1590 2220 si
1601 2163 1714 2236 quidiu
1725 2164 1778 2222 ab·

67 2257 188 2329 gionem
203 2255 318 2328 palliat,
333 2255 465 2310 medium
479 2271 539 2309 nou
555 2253 642 2308 docet
658 2252 710 2308 sed
725 2252 841 2309 seducit
852 2255 901 2308 in·
955 2251 1051 2306 sentia
1063 2254 1113 2305 tua
1125 2249 1235 2306 iactum
1251 2251 1340 2306 estin
1356 2251 1563 2324 prejudicium
1580 2257 1664 2309 tuum
1674 2259 1779 2312 contra

64 2347 182 2414 doctos,
195 2346 263 2400 tlnis
277 2349 454 2416 perpetuum
465 2343 621 2398 interitum
633 2343 899 2412 comminaturzqui
954 2339 1336 2411 prioremconsuetudinem
1346 2340 1779 2411 acclesiaememcratae,aucco-

64 2437 157 2490 etiam
169 2433 334 2490 secundum
345 2430 548 2504 evangelicam
559 2432 712 2486 veritatem
726 2429 762 2486 ad
772 2421 833 2485 ¹nos
849 2446 900 2485 ve·
954 2429 1041 2484 ritate
1057 2429 1110 2484 tibi
1126 2431 1318 2501 praesentium
1329 2429 1528 2504 indulgemus.
1540 2430 1618 2488 Nulli
1630 2447 1709 2506 ergo,
1721 2439 1778 2491 etc.

66 2525 158 2580 niunt
170 2525 201 2579 in
212 2523 396 2579 vestimentis
404 2521 514 2588 ovium,
525 2519 704 2575 intrinsecus
720 2524 819 2574 autem
830 2533 900 2586 sun(
991 2519 1097 2573 Datum
1110 2517 1257 2587 Laterani,
1273 2535 1291 2574 rr
1306 2518 1375 2574 idus
1389 2517 1469 2574 tuln.

62 2613 268 2685 lupirapaces.
279 2612 432 2666 Nouemus
443 2609 533 2681 igitur
543 2607 760 2663 fraternitatem
770 2613 900 2664 vestram
1309 2607 1428 2664 CXXVI.

65 2709 98 2756 et
110 2703 303 2758 exhortamur
318 2699 349 2754 in
364 2697 500 2763 domino,
516 2714 550 2753 ac
570 2713 623 2769 per
642 2696 804 2768 apostolica
818 2695 899 2752 vobis
1097 2711 1195 2751 sanari
1213 2711 1246 2752 ar
1265 2712 1419 2753 couvuurur
1437 2713 1472 2754 uu
1490 2713 1636 2754 usuratu.

63 2793 181 2861 scripta
196 2789 329 2844 districte
344 2785 546 2859 praecipiendo
562 2784 739 2841 mandamus
752 2789 900 2856 quatenus
1168 2785 1326 2854 (Laterani,
1336 2802 1383 2841 xvv
1395 2785 1457 2842 Kal.
1474 2785 1566 2860 tulii.)

69 2879 213 2938 eumdem
223 2876 744 2948 legatumsicutperscnamnostram
754 2873 900 2946 recipien·
990 2872 1063 2928 Cum
1077 2889 1095 2929 a
1108 2872 1194 2929 nobis
1210 2874 1330 2946 petitur,
1342 2879 1487 2946 etcasque
1502 2875 1539 2932 ad
1552 2877 1664 2933 umbem
1678 2893 1779 2934 assen-

69 2978 117 3027 tes
129 2967 283 3025 humiliter
292 2965 583 3036 etdevote,quaeipse
594 2963 730 3020 intervos
741 2961 900 3019 statuenda
955 2977 1000 3033 su,
1013 2961 1064 3033 jus
1079 2960 1156 3034 quod
1172 2961 1287 3019 habetis
1301 2963 1334 3019 in
1349 2964 1476 3021 ecclesia
1487 2964 1524 3022 de
1538 2965 1724 3042 Sceruinges,
1738 2968 1779 3024 si·

67 3057 189 3115 duxerit
200 3052 858 3127 seustiamoorrigeudarecipiatishumiliter,
870 3055 900 3107 et
955 3055 1005 3106 cut
1027 3049 1102 3107 illud
1120 3051 1203 3123 juste
1218 3057 1247 3108 ct
1258 3053 1401 3110 canonice
1417 3053 1587 3128 possidetis,
1601 3057 1777 3115 auctoritate

65 3145 281 3204 inviolabiliter
299 3143 461 3199 observetis
474 3163 481 3208 ;
496 3143 663 3214 praesertim
679 3147 779 3198 autem
791 3146 897 3197 contra
954 3139 1036 3196 vobis
1050 3140 1213 3212 apostolica
1226 3142 1439 3200 confirmamus
1454 3149 1484 3199 et
1497 3145 1652 3216 presentis
1676 3147 1778 3220 scripti

67 3235 226 3292 haereticos
242 3231 341 3289 taliter
355 3231 412 3304 ipsi
425 3231 536 3287 curetis
550 3228 666 3299 adesse,
678 3236 711 3287 ut
722 3246 777 3302 per
787 3229 899 3286 sollici·
913 3203 938 3269 c
953 3229 1117 3302 patrocinio
1132 3231 1363 3289 communimus.
1381 3231 1458 3288 Nulli
1475 3248 1555 3307 crgo,
1571 3239 1627 3292 etc.

65 3325 203 3381 tudinem
215 3326 341 3378 vestram
356 3327 386 3376 et
397 3319 582 3393 diligentiam
598 3320 678 3392 ejus,
692 3318 776 3374 vobis
792 3335 904 3391 coope-
991 3319 1097 3374 Datum
1112 3319 1259 3389 Laterani,
1274 3337 1320 3376 xvv
1335 3321 1398 3378 llal.
1414 3320 1493 3378 Julii.

65 3413 215 3480 rantibus,
231 3411 267 3468 de
282 3409 419 3482 partibus
432 3409 537 3464 vestris
551 3425 624 3482 gens
646 3409 828 3480 exstirpetur
843 3408 903 3463 ini·
1300 3409 1432 3466 cxxvii.

68 3519 138 3576 qua,
155 3506 185 3560 ct
199 3499 350 3558 conlatata
369 3499 580 3555 hereticorum
600 3495 737 3570 pertidia,
763 3497 903 3553 doctrina
1315 3511 1423 3554 assasti.

63 3591 227 3665 praevaleat
238 3588 423 3654 salutaris,et
431 3587 514 3644 lalsis
525 3585 712 3660 dogmatibus
724 3585 901 3658 reprobatis,
1219 3585 1348 3656 (Datum,
1364 3591 1395 3641 at
1413 3586 1521 3658 supro.)

68 3683 147 3737 vivat
160 3687 189 3736 et
203 3678 365 3734 invalescat
382 3675 460 3749 apud
475 3693 526 3732 vos
543 3677 650 3732 veritas
664 3676 696 3730 in
708 3679 865 3731 aternum.
989 3674 1080 3730 luatis
1089 3675 1267 3746 petentium,
1282 3679 1339 3730 etc.
1356 3691 1440 3746 usquc
1455 3675 1492 3732 ud
1506 3676 1618 3732 verbum
1626 3691 1782 3735 assensum

107 3772 211 3827 ilatum
228 3767 377 3835 Laterani,
393 3765 486 3822 Nonis
498 3765 581 3822 tulii.
955 3765 1118 3822 Ecclesiam
1133 3766 1169 3822 de
1185 3765 1343 3822 Lamburn.
1357 3783 1448 3838 quam
1459 3783 1494 3824 ex
1509 3769 1702 3826 concessione
1712 3767 1783 3826 dioe·

106 3861 140 3915 ln
161 3858 283 3914 eamdem
307 3857 419 3912 modum
442 3855 563 3912 Norboa.
587 3853 830 3926 arcbiqriscopoet
845 3855 901 3922 sas·
954 3857 1054 3910 cusani
1071 3854 1203 3927 episcopi
1218 3854 1371 3924 obtinetis,
1387 3855 1556 3913 sicutillam
1564 3855 1645 3929 juste
1656 3873 1690 3914 ac
1699 3857 1782 3930 paci-

69 3949 212 4020 (espancis
225 3948 294 4018 ejus,
312 3947 420 4016 Aquea.
443 3944 646 4015 archiepiscopo
669 3948 696 3998 et
717 3943 902 4012 suffraqcncis
953 3943 1008 3999 lice
1024 3943 1183 4016 possidetis
1198 3943 1273 3999 etin
1289 3944 1460 4000 authentico
1484 3944 1594 4019 scripto
1619 3945 1779 4003 diecesani

70 4040 129 4110 ejas
144 4036 319 4092 Ebreduaen.
347 4034 551 4106 archiepiscopo
576 4038 601 4087 et
624 4031 807 4102 suffraqcneis
830 4033 900 4104 ejus.
954 4031 1084 4104 episcopi
1098 4031 1232 4088 coniecto
1249 4031 1356 4088 exinde
1379 4032 1499 4105 plenius
1514 4033 1683 4092 continetur
1696 4034 1779 4092 vobis

429 4121 548 4178 CXXIV.
953 4127 983 4176 et
995 4138 1048 4194 per
1062 4138 1112 4177 vos
1126 4121 1308 4178 monasterio
1322 4126 1420 4178 vestro
1432 4123 1607 4180 auctoritate
1617 4123 1781 4197 apostolica

215 4229 322 4269 nucero
344 4227 377 4268 ar
400 4227 533 4268 carvrmo
557 4225 758 4273 semmurensi.
954 4210 1166 4266 confirmamus
1181 4216 1211 4266 et
1224 4211 1381 4282 presentis
1397 4211 1499 4285 scripti
1511 4213 1678 4287 patrocinio
1693 4229 1779 4270 com·

159 4305 193 4360 Ut
202 4304 381 4374 prepositum
400 4317 479 4357 suam
492 4301 641 4371 spoliatam
658 4301 814 4356 restituant.
953 4299 1116 4355 munimus.
1135 4298 1213 4355 Nulli
1229 4315 1309 4373 ergo,
1326 4304 1381 4356 ete.

289 4389 450 4464 (Laterani,
465 4406 492 4445 rv
508 4388 577 4444 ldus
596 4387 689 4459 tulii.)
991 4389 1107 4458 Datum,
1120 4393 1151 4444 at
1164 4405 1259 4460 supro.

108 4485 292 4540 Constitutus
308 4481 338 4536 in
356 4480 515 4554 prasentia
526 4485 630 4534 nostra
643 4477 771 4535 dilectus
779 4479 859 4534 illius
867 4481 899 4536 P.
1295 4479 1441 4534 cxxvln.

74 4573 212 4630 Ecclesia
227 4577 331 4628 vestrm
343 4569 518 4641 prepositus
529 4567 676 4624 suauobis
686 4569 898 4641 conquestione
915 4571 941 4636 D
1157 4567 1315 4638 (Laterani,
1330 4583 1388 4623 xvu
1403 4567 1466 4625 Kal.
1482 4568 1575 4642 tulii.)

77 4661 252 4721 monstravit
262 4659 341 4732 quod
351 4675 401 4714 vos
411 4659 509 4730 ipsum
518 4656 587 4712 villa
597 4656 633 4711 de
650 4656 766 4724 liranis,
780 4674 845 4728 qum
857 4663 902 4713 est
990 4657 1093 4712 Cuma
1107 4655 1193 4711 nobis
1208 4656 1328 4728 petitur,
1356 4662 1412 4712 etc.
1437 4674 1522 4730 esque
1542 4659 1579 4714 cd
1601 4660 1712 4716 umbem
1731 4677 1780 4718 as·

76 4750 308 4812 interbenedcia
318 4747 524 4816 vassallorum,
536 4745 573 4802 ad
586 4745 684 4818 ipsum
699 4746 814 4802 ratione
826 4763 902 4819 prae·
955 4761 1056 4814 sensu,
1083 4743 1240 4800 ecclesiam
1261 4743 1297 4800 de
1321 4745 1469 4821 Virrengle
1490 4747 1573 4805 vobis
1597 4764 1616 4806 a
1638 4750 1778 4808 venerab.

77 4843 218 4916 positure
233 4840 349 4912 dejure
365 4841 527 4910 spectante,
544 4835 620 4891 sicut
634 4835 664 4890 in
680 4833 840 4908 privilegiis
852 4852 900 4892 ve·
954 4835 1045 4891 fratre
1057 4837 1159 4889 nostro
1176 4833 1359 4889 Lincolniou.
1377 4836 1515 4908 episcopo
1539 4854 1722 4905 concessam,
1738 4839 1779 4896 si-

77 4933 146 4990 stris
162 4928 367 5004 perspeximus
382 4923 538 4992 contineri,
549 4924 750 4997 praetermisso
760 4923 839 4996 juris
853 4941 901 4980 or·
955 4926 1006 4979 cut
1027 4938 1092 4978 eam
1111 4921 1192 4995 juste
1217 4927 1246 4978 et
1269 4923 1411 4982 canonice
1433 4924 1604 4999 possidetis,
1620 4932 1675 4984 etc.
1700 4926 1780 4984 Nulli

75 5010 901 5090 dinecontrajustitiamspoliastis,eamvenerabiliiratri
956 5027 1036 5085 ergo,
1053 5017 1108 5066 eto.

75 5114 178 5168 nostro
193 5105 369 5180 patriarchas
384 5107 480 5160 vestro
496 5105 578 5156 motu
591 5099 719 5173 propriae
730 5101 900 5172 voluntatis,
991 5101 1097 5156 ilatum
1111 5100 1259 5170 Laterani,
1274 5117 1331 5156 xvn
1347 5101 1410 5158 Kal.
1426 5103 1506 5159 tulii.

1801 4547 1808 4578 l

77 5197 193 5256 indicti
209 5195 361 5269 prepositi
380 5190 597 5266 praejudicium,
614 5189 809 5264 assignantes.
827 5191 900 5247 Cum
1307 5190 1431 5246 cxxlx.

78 5291 177 5359 itaquo
189 5303 249 5343 non
261 5286 299 5342 sit
309 5283 398 5340 alicui
408 5279 626 5338 consulendum
637 5295 703 5335 cum
715 5277 838 5335 alterius
849 5278 900 5335 de·
1162 5278 1321 5348 (Laterani,
1335 5296 1384 5335 xvv
1401 5280 1464 5336 Kal.
1479 5279 1572 5351 tulii.)

75 5371 415 5442 trimento,universitati
428 5375 532 5426 vestrae
547 5367 777 5442 parapostolica
792 5369 902 5440 scripta
990 5367 1081 5425 Justis
1097 5368 1273 5441 petentium,
1291 5373 1346 5428 etc.
1373 5385 1459 5440 usque
1472 5371 1509 5424 od
1527 5369 1640 5426 verbam
1654 5386 1782 5428 assensu

79 5465 254 5522 mandamus
265 5461 435 5520 etdistricte
447 5459 789 5533 praecipimusquatenus
800 5459 875 5529 prael
894 5489 902 5499 ·
956 5457 1113 5514 ecclesiam
1129 5457 1227 5513 Sancti
1240 5457 1365 5513 Andreoe
1381 5458 1417 5514 de
1428 5458 1535 5526 Geiste,
1544 5460 1702 5516 ecclesiam
1713 5460 1783 5516 Om-

78 5561 138 5612 tam
146 5554 246 5610 villam
255 5569 322 5610 cum
332 5549 471 5607 omnibus
486 5547 675 5620 pertinentiis
686 5547 747 5602 suis
758 5551 788 5602 et
796 5546 901 5603 fructi·
956 5547 1040 5604 nium
1051 5551 1224 5602 sanctorum
1233 5545 1269 5601 de
1280 5546 1458 5618 Geistetorp,
1466 5545 1517 5618 jus
1533 5549 1612 5620 quod
1626 5549 1782 5606 habetisin

80 5645 135 5702 bus
149 5643 220 5700 inde
234 5641 382 5716 perceptis
397 5645 426 5696 et
436 5638 518 5694 omni
530 5637 696 5710 integritate
708 5635 738 5692 in
754 5651 812 5709 qua
828 5642 900 5693 tem·
958 5635 1192 5694 ecclesiaSancti
1204 5633 1282 5691 Petri
1294 5634 1331 5692 de
1343 5634 1558 5707 Wdenuorton,
1567 5638 1644 5696 sicut
1655 5655 1689 5695 en
1699 5639 1783 5712 juste
