3972 6068
201 249 253 304 723
692 247 894 308 luuocuuiu
911 252 951 308 111
970 254 1024 311 PP.
1045 255 1279 317 REGESTORUM
1298 257 1365 318 uu.
1384 258 1420 316 11.

203 365 383 447 competenti
400 374 558 442 beneflcio,
575 374 714 432 videlicet
739 377 910 450 quindecim
935 377 1025 435 libra·
1040 385 1067 451 g
1420 385 1560 442 CLXXIV.

204 479 271 520 rum
287 462 463 531 redditibus,
480 464 645 536 providere.
660 467 753 539 Super
768 483 826 539 quo
839 467 919 523 idem
947 485 1027 540 pre·
1148 501 1150 507 ·
1277 491 1362 532 curuo
1381 491 1413 532 ur
1432 491 1537 532 roruco
1555 489 1709 534 usoruuusr.

203 552 318 626 positus
333 551 369 610 ad
384 552 542 625 praedictos
555 560 744 612 exsecutores
757 557 877 612 liemon.
888 571 1028 630 peruun-
1085 562 1119 617 Ut
1139 561 1342 635 archiepiscopo
1365 579 1413 620 sao
1433 580 1486 634 per
1501 567 1659 636 pontificem
1673 568 1832 636 confirmato
1844 567 1911 623 obe·

204 641 277 698 tium
294 657 381 698 snum
396 641 504 698 dicitur
526 643 653 700 littteras
679 645 864 718 impetrasse.
882 648 1029 702 Praeterea
1448 636 1535 690 distul-

202 745 271 786 cum
283 729 438 787 biennium
448 749 466 788 a
476 737 608 804 tompore
617 734 745 790 obtentas
753 733 946 807 indulgentiae
957 741 1028 791 tunc
1232 723 1388 792 (Laissfflnit
1404 739 1461 779 ¹V¹¹
1476 723 1539 780 14³1·
1550 724 1754 795 Septembris.)

202 819 345 891 temporis
362 837 422 876 non
435 820 542 877 fuisset
553 821 698 894 elapsum,
709 824 900 897 prepositum
911 823 948 880 ad
959 839 1027 880 eum
1117 830 1188 884 Cum
1212 828 1339 886 dilectus
1366 829 1445 885 illius
1468 836 1569 886 noster
1584 831 1615 887 G.
1631 831 1745 887 Sanctio
1760 831 1860 890 llarioe
1877 833 1909 890 iu

202 908 408 982 recipiendum
435 911 466 966 in
490 910 622 968 Ecclesia
644 913 785 969 insulana
799 914 953 986 proposuit
967 929 1027 969 nou
1081 918 1196 990 porticu
1209 918 1352 975 diaconus
1366 919 1538 986 cardinalis,
1551 919 1597 974 cui
1614 918 1691 976 vices
1703 925 1821 977 nostras
1846 913 1909 978 tam

203 999 309 1066 teneri,
326 1015 391 1054 cum
407 1015 496 1072 super
519 1000 575 1058 hoc
597 1001 703 1058 fuisset
725 1001 911 1076 indulgentia
932 1003 1027 1075 impe·
1082 1007 1910 1084 superbalioregniquamofllciolegationiscommisera-

204 1091 290 1143 trata.
307 1088 451 1144 Gestarum
480 1091 619 1164 magister
641 1093 671 1148 G.
688 1091 903 1166 indulgentiam
932 1094 1027 1166 ipsam
1081 1098 1247 1170 mus,apud
1257 1099 1421 1154 Messanam
1432 1115 1486 1170 pro
1497 1097 1590 1170 ipsius
1601 1099 1684 1172 regni
1700 1101 1827 1173 negotiis
1842 1117 1911 1157 mo-

204 1179 260 1234 sibi
275 1195 335 1234 nou
351 1179 455 1236 obesse
467 1183 620 1254 respoudit
631 1199 699 1239 cum
713 1183 748 1239 de
760 1183 824 1256 ipsa
835 1183 924 1240 etiam
937 1185 969 1239 in
978 1184 1029 1239 lit-
1081 1192 1207 1257 roratur,
1215 1186 1314 1243 dilecti
1326 1187 1380 1242 ulii
1392 1187 1526 1243 canonici
1537 1187 1639 1259 Regin.
1650 1187 1747 1244 eidem
1757 1187 1911 1246 obitum...

203 1267 275 1324 teris
290 1270 400 1325 uostris
414 1271 524 1326 mentio
539 1271 617 1328 facta
631 1272 745 1328 fuisset.
754 1273 900 1330 Praeterea
915 1289 951 1328 ex
961 1273 1028 1345 qui·
1081 1275 1544 1348 bo.memiiegiuarcbiepisoopi
1556 1281 1615 1332 tem
1626 1293 1680 1350 per
1690 1275 1805 1334 litteras
1816 1294 1909 1350 quam

203 1357 329 1414 busdam
346 1359 381 1414 ab
397 1359 521 1417 adversa
535 1367 618 1434 parte
638 1362 768 1418 inductis
783 1363 870 1418 nixus
884 1367 930 1418 est
941 1378 1027 1418 com·
1081 1381 1136 1438 per
1145 1365 1438 1421 suusconcenonicos
1449 1364 1634 1422 nuntiarunt.
1647 1366 1840 1422 Postmodum
1851 1383 1909 1422 au-

202 1447 329 1520 probare
344 1447 424 1520 quod
436 1450 577 1522 praedicta
591 1450 752 1524 prebenda
766 1451 927 1524 aliquando
938 1451 1028 1507 etiam
1081 1453 1313 1526 temadpropria
1324 1455 1909 1524 revertentesetcouvenieutesinunum,

202 1535 299 1592 fuerat
312 1536 379 1592 aliis
390 1555 479 1610 quam
490 1539 672 1612 presbyteris
682 1542 841 1616 assignata.
857 1543 930 1599 Cum
946 1544 1026 1600 enirn
1081 1543 1217 1600 invocata
1227 1544 1353 1616 Spiritus
1366 1544 1461 1600 sancti
1474 1543 1578 1618 gratia,
1588 1548 1655 1599 rota
1669 1559 1722 1600 sua
1738 1543 1768 1599 in
1783 1561 1911 1601 venera-

204 1626 392 1682 dicereturiu
402 1626 590 1701 litterisipsis
600 1631 690 1702 quod,
700 1632 863 1687 secuudum
874 1633 1027 1704 antiquam
1080 1631 1172 1688 bilem
1183 1631 1304 1688 fratrem
1317 1633 1475 1688 nostruml
1489 1631 1910 1706 tunclfegiuarcbidiaceou·

181 1779 184 1788 Ι
205 1721 234 1772 et
247 1718 342 1790 magis
357 1718 496 1775 usitatam
513 1722 760 1778 consuetudinem
782 1723 921 1779 Ecclesiae
939 1724 1025 1779 lusu-
1040 1754 1066 1818 Β
1080 1721 1223 1790 tulerunt,
1239 1721 1377 1777 eumdem
1392 1721 1448 1776 sibi
1464 1721 1646 1788 unanimiter
1660 1722 1802 1795 eligentes
1813 1723 1844 1778 iu
1856 1739 1911 1796 pa-

203 1805 290 1872 lanre,
305 1806 465 1880 prebenda
478 1808 543 1880 ipsa
553 1815 632 1866 esset
645 1811 818 1884 presbytero
833 1811 1024 1894 conferenda,
1080 1814 1155 1866 trem
1168 1825 1253 1866 suum
1264 1811 1377 1884 pariter
1386 1815 1415 1866 et
1424 1809 1762 1883 pastorem.Cumquead
1770 1811 1908 1883 praedicti

203 1895 346 1951 usitatum
370 1896 458 1952 etiam
484 1913 548 1953 esse
572 1897 689 1954 dicebat
704 1905 736 1955 ut
750 1899 816 1956 aliis
832 1901 1025 1972 conferretur,
1081 1899 1242 1956 cardinalis
1252 1900 1441 1972 presentiam
1452 1899 1734 1965 accessissent,utab
1744 1915 1779 1955 eo
1791 1905 1852 1955 tam
1860 1917 1907 1956 as-

204 1998 271 2038 cum
287 1984 376 2040 etium
391 1985 490 2042 dicere
501 1985 580 2057 quod
594 1987 707 2060 aliquid
717 1989 858 2045 inusitato
867 1990 959 2062 magis
970 1990 1029 2045 usi·
1082 2003 1204 2044 sensum
1219 2004 1308 2060 quam
1336 1987 1595 2044 confirmationem
1617 1988 1705 2044 etiam
1725 1987 1907 2058 obtinerent,

204 2077 298 2128 tutum
313 2073 413 2144 fuerit,
427 2076 465 2131 sit
479 2077 650 2134 absurdum.
668 2079 740 2134 Cum
753 2083 852 2135 autem
868 2078 1027 2135 cardinalis
1082 2079 1145 2152 ipse
1161 2093 1314 2134 assensum
1328 2077 1372 2133 eis
1386 2077 1466 2150 regia
1480 2077 1541 2133 vioe
1555 2076 1722 2133 concedens
1737 2082 1766 2132 et
1786 2077 1911 2134 electio-

204 2162 364 2235 praedictus
381 2181 446 2236 quse
462 2183 560 2222 coram
577 2183 611 2222 eo
626 2170 779 2240 proposita
792 2169 910 2226 fuerant
927 2169 959 2224 iu
974 2185 1029 2224 uo·
1082 2185 1152 2224 nem
1168 2167 1425 2234 examinans,cum
1437 2165 1572 2222 eamdem
1587 2167 1750 2223 invenisset
1763 2167 1910 2223 canonice

204 2258 266 2310 stru
280 2259 309 2308 et
323 2253 446 2312 fratrum
462 2262 630 2313 nostrornm
647 2259 798 2316 audientia
813 2259 941 2316 fideliter
950 2265 1029 2315 retu·
1083 2263 1113 2313 et
1127 2256 1163 2312 de
1178 2245 1307 2328 persona
1316 2255 1425 2312 idonea
1434 2255 1625 2322 celebratam,
1633 2255 1810 2311 auctoritate
1822 2272 1911 2328 apos-

205 2341 300 2410 lisset‚
315 2359 371 2400 nos
384 2361 504 2401 causam
519 2347 614 2418 ipsam
626 2353 723 2404 vestro
745 2349 874 2404 examini
891 2347 1028 2404 duximus
1084 2345 1173 2402 tolica
1185 2345 1380 2402 confirmavit.
1395 2345 1540 2400 Ceterum
1563 2343 1724 2400 cardinalis
1747 2345 1912 2417 predictus

205 2433 459 2502 committendam,
476 2435 649 2493 discretioni
665 2442 769 2494 vestrae
788 2454 842 2510 per
866 2437 1029 2510 apostolica
1083 2435 1216 2508 pericula
1230 2431 1812 2506 viarumdiligenteratteudeus.nedicli
1823 2434 1911 2489 electi

204 2521 868 2603 scriptupraecipiendomandantesquatenus,
880 2526 1029 2582 nisivobis
1084 2523 1267 2581 consecratio
1294 2522 1483 2588 differretur,
1510 2520 1729 2578 venerabilibus
1763 2521 1912 2578 fratribus

204 2611 1029 2688 sufficienterconstiteritperpraepositumetcapitulum
1083 2613 1195 2670 nostris
1223 2611 1367 2668 universis
1397 2611 1544 2684 episcopis
1572 2611 1747 2685 Reginensis
1770 2611 1911 2668 Ecclesia

201 2700 376 2756 insulanum
388 2701 676 2760 fuisseconcorditer
685 2705 855 2760 institutum
866 2709 895 2760 et
905 2703 959 2760 sub
968 2721 1030 2776 poa-
1085 2701 1279 2774 suffraganeis
1295 2698 1378 2755 dedit
1390 2701 1565 2756 auctoritate
1580 2700 1744 2771 apostolice
1765 2699 1798 2755 in
1823 2715 1910 2756 man·

202 2792 1028 2849 reexcommunicetiouisinhibitumetbactenusobser·
1084 2790 1162 2847 detis
1176 2795 1209 2846 ut
1223 2789 1318 2846 eidem
1328 2790 1679 2846 muuuscouseorationis
1689 2789 1910 2862 impenderent,

202 2885 299 2934 ratum
315 2895 352 2936 ue
363 2881 688 2953 proedictaeprmbendae
699 2882 767 2938 aliis
777 2899 865 2955 quam
877 2882 1029 2956 presbyte·
1084 2879 1208 2952 pallium
1224 2879 1352 2945 anobis,
1367 2878 1503 2935 videlicet
1527 2879 1708 2951 pontificalis
1731 2879 1824 2936 oflicii
1846 2880 1911 2951 ple-

202 2969 243 3026 ris
259 2968 573 3042 conferrentur,super
583 2970 724 3042 predicta
734 2970 858 3028 dimidia
872 2971 950 3028 dicto
962 2988 1029 3043 pre·
1084 2969 1263 3035 nitudinem,
1279 2967 1470 3040 postmodum
1485 2973 1641 3040 recepturo
1668 2967 1823 3040 inquibus
1838 2986 1911 3041 prae·

202 3055 1026 3134 abyterosilentiumimponatis,facieutespercensuram
1085 3058 1182 3115 dictus
1197 3055 1357 3114 cardinalis
1372 3057 1497 3129 gratiam
1510 3057 1618 3114 fecisse
1633 3056 1827 3130 dignoscitur,
1842 3075 1910 3114 cum

126 3164 133 3186 ⁰
202 3145 445 3213 ecclesiasticam,
457 3148 656 3220 appellatione
671 3155 795 3217 remoto,
811 3149 948 3205 eumdem
962 3122 1066 3206 mat-G
1085 3147 1165 3203 idem
1193 3145 1434 3218 archiepiscopus
1463 3150 1493 3201 et
1519 3161 1573 3219 pro
1601 3145 1718 3202 duobus
1747 3147 1912 3204 mittereet

202 3235 326 3309 gistrum
334 3236 459 3308 plenaet
466 3237 1028 3312 pacificaipsiuspossessiouegaudere.
1085 3241 1205 3311 propter
1219 3235 1278 3291 duo
1293 3233 1331 3290 ad
1346 3238 1479 3290 nostram
1495 3233 1685 3306 presentiam
1702 3233 1845 3291 accedere
1860 3235 1913 3292 de-

202 3325 277 3392 Quia
287 3341 354 3382 vero
364 3325 589 3400 presbyteripse
599 3327 903 3399 adprmsentationem
913 3343 1028 3401 praepo·
1084 3325 1207 3382 buissel.
1224 3323 1338 3379 Mittere
1354 3323 1486 3395 quidem,
1498 3339 1551 3396 pro
1566 3338 1691 3380 assensu
1706 3328 1736 3378 et
1750 3324 1911 3381 confirma·

202 3415 250 3470 siti
267 3419 297 3469 et
311 3415 432 3488 capituli
443 3416 641 3472 insulan.'fuit
651 3417 682 3472 in
693 3416 899 3489 presbyterum
910 3416 1029 3472 ordina-
1085 3416 1165 3470 tione
1180 3412 1292 3486 pariter
1310 3410 1514 3483 impetrandis.
1532 3409 1681 3468 Accedere
1693 3427 1774 3478 vero,
1790 3419 1913 3485 propter

202 3507 260 3571 tus,
277 3504 412 3561 volumus
427 3493 624 3562 nibilominus
637 3511 667 3561 et
681 3505 859 3562 mandamus
884 3511 1030 3578 quatenus
1085 3519 1195 3560 munus
1210 3499 1442 3557 consecrationis
1457 3505 1488 3556 et
1502 3500 1614 3556 donum
1630 3499 1713 3572 pallii
1735 3501 1911 3558 obtinenda.

202 3593 359 3664 predictos
370 3594 540 3666 quindecim
551 3595 695 3652 librarum
705 3594 839 3652 redditus
849 3596 876 3651 ei
885 3595 1030 3669 assignari
1085 3595 1166 3649 Inter
1194 3597 1301 3666 caetera
1326 3607 1455 3663 namque
1483 3589 1636 3664 privilegia
1664 3607 1730 3662 que
1752 3591 1810 3648 sibi
1826 3592 1913 3648 sedes

203 3682 463 3746 mandetis,douec
475 3685 501 3740 ei
515 3702 568 3757 per
583 3685 775 3758 praepositum
789 3686 882 3757 ipsius
892 3685 1030 3740 Ecclesia
1086 3680 1249 3755 apostolice
1260 3678 1428 3744 reservavit,
1442 3695 1535 3736 unum
1550 3685 1605 3748 est,
1622 3684 1652 3734 et
1664 3695 1724 3735 nou
1739 3679 1912 3748 minimum,

202 3770 334 3827 fueritin
350 3772 495 3828 beneflcio
509 3774 689 3846 competenti
704 3773 866 3846 provisum.
879 3773 1030 3845 Alioquin,
1086 3771 1166 3844 quod
1191 3769 1378 3844 patriarche,
1394 3769 1547 3841 primates,
1568 3773 1599 3824 et
1620 3769 1845 3840 metropolitani
1861 3787 1912 3844 pro

205 3859 230 3915 si
241 3859 277 3916 de
287 3861 440 3933 predictis
450 3862 727 3934 constiterit,super
741 3864 805 3935 ipsa
815 3862 956 3936 predicto
967 3879 1032 3918 ma·
1085 3860 1257 3933 recipiendo
1273 3859 1375 3931 pallio,
1390 3857 1570 3930 pontificalis
1585 3855 1723 3914 videlicet
1742 3857 1835 3915 oflicii
1851 3859 1913 3932 ple-

203 3951 384 4022 gistro,cum
398 3967 460 4007 non
475 3952 566 4007 fuerit
579 3952 760 4008 beneficium
772 3952 829 4024 ipsi
845 3957 1030 4023 competens,
1085 3950 1232 4016 alladius,
1246 3947 1283 4004 ad
1298 3963 1373 4013 eam,
1390 3952 1532 4019 tauquam
1552 3946 1590 4003 ad
1614 3947 1785 4020 magistram
1801 3952 1832 4004 et
1847 3963 1909 4004 ma·

205 4039 356 4094 silentium
366 4040 703 4112 imponentes,eamipsi
715 4039 888 4112 presbytero
896 4057 949 4112 per
958 4057 1031 4097 sen·
1086 4045 1172 4106 trem,
1189 4036 1300 4094 debent
1326 4036 1436 4092 babere
1459 4051 1623 4092 recursum.
1640 4037 1713 4092 Cum
1736 4051 1806 4110 ergo
1833 4036 1913 4093 idem

206 4129 545 4202 tentiam,appellatlone
555 4130 720 4202 postposita
734 4127 905 4201 adjudicare
921 4130 1031 4186 curetis
1087 4127 1327 4200 archiepiscopus
1341 4125 1438 4196 primo
1451 4141 1506 4197 per
1515 4125 1637 4180 nuutios
1648 4125 1807 4181 ettaudem
1818 4141 1914 4197 perse

205 4224 235 4274 et
246 4217 360 4275 faciatis
372 4233 587 4290 percensuram
598 4217 829 4274 ecclesiasticam
838 4218 1032 4290 ejuspaciiica
1086 4220 1195 4290 ipsum,
1209 4231 1305 4287 nuper
1319 4214 1356 4270 ad
1374 4212 1474 4270 sedem
1491 4211 1684 4286 apostolicam
1699 4212 1848 4270 accedens
1862 4231 1914 4287 pro

206 4309 394 4380 possessione
409 4308 672 4382 ganderallerum,
683 4323 721 4362 ne
733 4303 829 4363 dictus
840 4307 1031 4380 magisteria·
1086 4305 1177 4380 pallio
1193 4303 1362 4371 institisset,
1377 4318 1434 4358 nos
1448 4302 1637 4359 attendentes
1652 4301 1732 4374 quod
1757 4319 1793 4358 ex
1820 4305 1916 4370 gratia

204 4396 1033 4471 borisquemveniendoadaposlolicamsedemsustinuit
1087 4411 1176 4468 quam
1188 4392 1346 4466 predictus
1356 4391 1502 4448 effecerat
1511 4391 1682 4460 cardinalis,
1691 4391 1875 4450 devotiorem
1884 4410 1914 4449 se

204 4488 340 4545 mercede
350 4489 518 4558 frustretur,
526 4488 552 4544 ei
564 4487 679 4544 faciatis
687 4487 844 4559 praedictos
855 4486 1025 4559 quindecim
1042 4491 1069 4556 D
1085 4484 1171 4540 uobis
1182 4489 1212 4539 et
1225 4485 1365 4539 Romane
1376 4481 1515 4536 Ecclesia]
1526 4479 1649 4536 deberet
1658 4481 1855 4553 imposterum
1866 4498 1913 4537 ex·

205 4576 1028 4650 librarumredditusapreposito,mouitiouepraemissa,
1086 4567 1911 4643 hibere,fratrumnoslrorumhabitoconsiliodiligeuti,

206 4665 321 4723 sublato
328 4667 537 4738 appellationis
546 4665 958 4738 etdilatiouisobstaculo‚per
964 4681 1032 4722 cen·
1084 4661 1209 4737 pallium
1225 4661 1280 4732 ipsi
1296 4659 1333 4716 de
1348 4659 1426 4715 beati
1439 4657 1516 4714 Petri
1528 4674 1652 4730 corpore
1664 4664 1827 4731 sumptum,
1838 4677 1914 4732 pon-

205 4772 305 4814 surnm
321 4755 552 4812 ecclesiasticam
568 4755 732 4829 assignari;
747 4754 936 4827 praebendam
964 4771 1030 4826 quaa
1085 4751 1203 4808 tilicalis
1215 4750 1351 4806 videlicet
1361 4747 1451 4803 oflicii
1462 4746 1679 4820 plenitudinem
1691 4747 1831 4804 duximus
1840 4765 1914 4805 eon-

204 4844 909 4920 primovacabitinEcclesiainsulana,donationi
920 4849 1030 4900 nostre
1084 4841 1261 4898 cedendum.
1272 4841 1329 4895 Nos
1340 4837 1429 4912 igitur
1440 4837 1537 4908 ipsum
1549 4834 1586 4891 ad
1598 4835 1800 4908 propriarum
1815 4837 1916 4910 pleni·

203 4933 1029 5006 reservarimandantespersonaeidoneecoufereudamz
1084 4925 1914 5001 tudinenostregratiaeremittentes‚uuiversitativestre

204 5027 240 5084 de
254 5042 312 5098 qua
323 5025 346 5080 si
358 5023 429 5097 quid
445 5022 526 5081 aliud
541 5023 885 5092 fueritordinatum,nos
899 5021 974 5077 illud
989 5022 1031 5076 ir·
1084 5015 1422 5092 perspostolicascripta
1433 5013 1613 5070 mandamus
1623 5019 1711 5086 atque
1722 5013 1914 5086 precipimus

204 5119 295 5174 ritum
306 5113 495 5172 decernimus
505 5119 535 5170 et
549 5115 648 5170 inane.
661 5113 755 5170 Nullis
767 5112 873 5169 litteris
884 5113 1031 5170 obstanti·
1084 5114 1231 5181 quatenus
1241 5106 1306 5178 ejus
1316 5101 1567 5161 sulubrismouits
1576 5101 1751 5158 etmaudata
1760 5103 1912 5176 recipiatis

205 5207 261 5263 bus
276 5211 385 5278 praeter
399 5221 555 5261 assensum
570 5209 645 5276 part.
662 5202 745 5269 Quod
761 5203 785 5258 si
805 5218 919 5270 omnes,
937 5207 993 5258 etc.
1084 5197 1249 5263 humiliter,
1261 5199 1290 5250 et
1302 5193 1407 5252 eudem
1420 5190 1665 5264 irrefragabiliter
1678 5191 1852 5248 observetis.

242 5297 348 5352 Datum
364 5295 555 5363 laterarias
571 5293 640 5350 Idus
655 5292 789 5366 Augusti.
1120 5287 1227 5342 ilatum
1243 5281 1391 5349 leterani,
1407 5296 1463 5336 xvu
1479 5277 1544 5336 llal.
1561 5279 1754 5352 Septembris.
