3956 6056
198 285 250 340 2„
533 221 535 228 ’
687 259 888 320 rnnocanm
908 255 947 312 m
966 257 1020 312 rr.
1041 255 1275 316 aecasroaun
1295 257 1360 314 ua.
1380 259 1402 316 1.
1738 220 1741 224 ⁵
1852 267 1903 322 aas

190 425 245 484 per
256 401 420 478 apostolica
433 397 515 456 vobis
540 391 651 465 scripta
664 387 841 446 mandantes
856 385 1015 456 qnatenus,
1030 381 1064 451 Α
1078 381 1196 440 mittere
1212 387 1241 442 et
1254 384 1350 442 multa
1362 383 1422 442 alia
1436 383 1546 444 damna
1560 385 1679 444 eudem
1695 403 1759 446 non
1775 393 1910 446 metuunt

190 513 259 556 cnm
274 495 305 550 in
318 489 449 548 Ecclesia
458 489 555 542 restra
565 485 663 538 certus
671 495 732 534 non
745 477 784 534 sit
793 489 936 531 uumerus
944 489 1018 544 praa·
1072 471 1355 544 irrogarepraesenti
1367 473 1419 530 tibi
1434 475 1542 546 pagina
1557 475 1759 550 indulgemus
1774 484 1809 534 ut
1820 479 1910 536 male-

192 583 370 648 bandarum,
386 593 456 638 eum
471 575 502 629 in
516 573 639 628 fratrem
655 573 685 622 et
696 565 874 622 canonicum
889 566 1018 616 vestrum
1071 559 1199 616 factores
1209 562 1588 632 llasticonen.llcclesiae,si
1602 570 1711 622 umen
1723 566 1751 622 ei
1762 567 1825 622 sint
1838 567 1909 624 diffl-

194 675 231 732 ob
246 667 443 730 reverentiam
467 659 636 735 apostolicas
654 653 733 712 sedis
748 658 777 710 et
791 655 924 708 nostram
939 649 1018 704 libe·
1073 649 1255 722 cesanalege
1266 650 1507 723 subjecti,nisiad
1518 653 1700 727 diligentem
1712 655 1908 713 monitionem

194 763 298 820 naliter
310 753 485 822 admittatis,
500 746 693 824 praebendam
709 743 786 800 sicut
806 740 859 798 uni
876 756 911 796 ex
925 737 1018 807 robis,
1074 741 1155 794 tuam
1166 738 1366 798 satisfactione
1376 741 1909 814 sedignacorrexerintmulliascou-

193 851 250 924 ipsi
266 848 313 904 vel
336 839 521 917 procuratori
542 854 595 894 suo
620 834 733 904 absque
758 828 908 887 dilationis
930 827 1019 883 trodio
1074 826 1251 884 tradictione
1267 828 1907 905 velappellationeobstante,percensuram

192 937 380 998 conferentes
396 949 402 988 :
419 927 566 1004 primitias
590 937 713 995 precum
738 923 906 975 nostrarum
922 915 1021 972 taliter
1075 915 1308 974 ecclesiasticam
1322 918 1420 976 valeas
1435 935 1583 978 coemere.
1599 921 1685 980 Nulli
1702 938 1785 993 ergo,
1802 928 1857 978 etc.

194 1025 325 1087 audituri
350 1020 430 1095 quod
454 1020 578 1090 propter
591 1013 649 1070 hoc
672 1008 755 1066 robis
770 1006 867 1063 denuo
893 1005 1022 1062 scribere
1111 1004 1219 1062 ilatum
1234 1010 1267 1062 ut
1282 1021 1382 1078 supra.

197 1135 258 1176 non
273 1127 415 1187 cogamur
428 1129 436 1176 ς
453 1104 556 1164 scituri
570 1099 649 1174 quod
666 1100 743 1155 sicut
756 1101 866 1154 nostrae
880 1093 1023 1150 intentio-
1424 1113 1549 1170 cccvfl·

194 1207 242 1266 nis
257 1202 357 1262 existit
371 1197 447 1255 nibil
462 1193 623 1268 praecipere
638 1185 887 1254 inhonestum,sic
902 1200 963 1239 non
977 1199 1023 1238 re·
1348 1217 1466 1258 mm
1486 1219 1629 1260 ΜΘΝ),

194 1296 365 1366 linquemus
390 1286 469 1360 qu⁰d
482 1278 722 1340 mandaverimus
745 1273 952 1348 imferffflfflm
967 1287 1023 1328 ¹¹⁰⁰
1132 1289 1222 1346 abbas
1236 1289 1269 1345 ob
1284 1307 1396 1361 grauem
1409 1293 1530 1364 corporis
1548 1293 1691 1363 detectum
1706 1301 1860 1350 amovetur.

196 1385 403 1453 contemptum
417 1379 553 1431 nostrum
569 1366 763 1426 tolerabimus
776 1363 933 1437 patienter.
1237 1379 1334 1450 (Apud
1349 1379 1377 1434 s,
1394 1381 1525 1448 petrum,
1540 1397 1558 1436 v
1572 1381 1639 1442 gap,
1656 1381 1753 1454 julii).

231 1475 338 1531 llatnrn
353 1471 453 1524 Roma
468 1461 547 1536 apud
562 1461 703 1516 Sanctum
719 1457 850 1521 Petrum,
865 1469 884 1508 ¹
898 1450 960 1508 Kstl·
976 1451 1024 1506 ³¹¹·
1114 1465 1189 1540 (tlt)
1204 1468 1371 1539 Exposuisti
1387 1468 1474 1524 nobis
1490 1469 1521 1525 in
1540 1475 1645 1528 nostra
1660 1471 1828 1543 presentia
1842 1487 1909 1527 con·

133 1601 139 1614 .
197 1561 242 1631 lii,
258 1567 315 1618 etc.
1079 1556 1199 1612 stitutus
1214 1556 1295 1628 quod
1305 1555 1492 1630 l.,qnondam
1504 1559 1714 1630 predecessor
1728 1560 1866 1628 tuus‚Ph.
1882 1559 1907 1616 in

559 1657 657 1715 cccv,
1079 1643 1218 1702 abbatem
1233 1648 1530 1718 promovit,nesciens
1544 1647 1625 1720 quod
1641 1649 1710 1721 ipse
1726 1663 1820 1706 manu
1835 1653 1908 1705 esset

355 1767 485 1812 ariscoro
503 1765 536 1806 ar
554 1761 661 1803 cacano
680 1755 860 1800 tarraconen.
1035 1741 1062 1808 Β
1077 1735 1172 1792 alteru
1185 1734 1431 1803 mutilatus.Quia
1445 1754 1514 1794 rero
1529 1736 1621 1794 abbae
1638 1738 1708 1810 ipse
1722 1739 1859 1795 noscitur
1872 1739 1907 1794 si-

197 1850 288 1921 tlajor
302 1851 327 1903 et
341 1846 435 1901 sanior
448 1837 565 1910 capituti
581 1850 647 1906 para
661 1834 691 1888 in
702 1830 846 1888 statuendo
860 1827 1020 1900 prevaleat.
1077 1825 1172 1880 nistra
1186 1839 1298 1893 carere,
1315 1824 1386 1896 quid
1402 1842 1492 1898 super
1503 1827 1559 1882 hoc
1573 1826 1730 1898 agendum
1746 1827 1796 1894 sit,
1812 1832 1906 1882 nostra

456 1925 553 1999 (Apud
569 1925 596 1980 S.
612 1923 754 1990 Petrum).
1076 1913 1195 1969 voluisti
1210 1913 1405 1985 responsione
1423 1914 1533 1971 doceri.
1550 1917 1608 1971 Nos
1620 1915 1717 1989 igitur
1732 1915 1906 1972 fraternitati

232 2023 371 2082 Offlcium
385 2018 527 2090 injunctus
542 2007 811 2070 administrationis
835 2006 924 2080 erigit
937 2012 971 2061 ut
984 2005 1021 2062 de
1076 2009 1134 2060 tua
1147 2003 1247 2060 taliter
1260 2003 1476 2076 respondemus
1491 2004 1570 2075 quod
1585 2019 1656 2060 cum
1673 2019 1731 2076 pro
1748 2008 1809 2061 tam
1825 2019 1906 2060 enor-

195 2119 273 2172 statu
288 2108 488 2168 Ecclesiarum
503 2117 606 2160 curam
618 2115 720 2173 gerere
735 2097 897 2154 debeamus
911 2100 942 2152 et
955 2111 1022 2166 quas
1075 2094 1116 2150 mi
1132 2091 1249 2149 delectu
1259 2092 1296 2149 ad
1321 2107 1422 2150 sacros
1437 2107 1497 2148 uon
1517 2092 1613 2165 possit
1638 2093 1767 2150 ordines
1790 2107 1905 2164 promo·

193 2203 296 2260 minus
311 2197 448 2255 ordinata
461 2192 622 2262 fuarit‚per
637 2185 769 2244 studium
784 2191 894 2242 nostra
908 2184 1020 2242 sollici·
1075 2185 1135 2240 vari
1151 2188 1181 2239 et
1194 2183 1258 2256 ipse
1273 2185 1304 2239 in
1320 2183 1508 2256 promotione
1523 2199 1577 2240 sua
1592 2183 1623 2240 id
1641 2183 1775 2241 tacuerit
1787 2181 1903 2240 fraudu·

192 2287 317 2357 tudinis,
333 2291 422 2359 prout
436 2295 600 2355 congruum
614 2276 714 2344 fuerit,
729 2273 907 2330 ordinentur
922 2289 929 2328 :
945 2291 1020 2346 qua-
1049 2335 1053 2341 ,
1074 2272 1181 2340 lenter,
1195 2271 1232 2329 ab
1247 2271 1373 2328 abbatia
1387 2271 1485 2329 officio
1505 2277 1627 2329 estnon
1654 2273 1811 2330 immerito
1826 2287 1903 2328 amo·

191 2383 281 2436 tenus
294 2373 431 2449 personis
455 2369 572 2427 idoneis
587 2365 754 2424 substitutis
781 2364 813 2419 in
829 2363 871 2420 eis
886 2367 917 2420 at
930 2379 1021 2421 οιιιιο-
1073 2361 1196 2419 vendas.

193 2469 231 2524 tis
250 2466 337 2539 juxta
362 2475 498 2520 normam
527 2454 748 2514 constitutionis
776 2451 915 2509 Ecclesiae
940 2457 1019 2508 recte
1109 2453 1215 2510 Datum
1239 2455 1339 2510 ltomae
1362 2452 1441 2525 apud
1456 2453 1482 2510 S.
1500 2455 1652 2510 Petrnmv
1670 2454 1737 2512 Kal.
1752 2453 1833 2523 iulii,
1847 2457 1898 2509 etc.

192 2551 465 2628 dispositis,diviuaa
480 2546 577 2604 laudis
587 2543 730 2615 obsequia
742 2541 783 2598 ibi
797 2541 885 2614 digne
901 2540 1019 2597 valeant
1410 2559 1547 2616 00ch-

192 2643 334 2702 exerceri.
358 2643 399 2696 ax
415 2645 517 2694 tenore
540 2633 690 2707 siquidem
713 2631 881 2687 litteramrn
905 2635 1016 2686 restra·

192 2749 259 2790 rum
274 2730 361 2788 nobis
386 2726 518 2784 innotuit
532 2723 611 2796 quod
633 2737 701 2778 cum
716 2720 747 2776 in
769 2718 900 2776 Ecclesia
922 2722 1019 2774 vestra

194 2819 358 2878 necessitas
388 2816 479 2888 exigit
500 2811 613 2884 aliquid
638 2809 770 2866 ordinari
795 2807 840 2865 vel
864 2806 1018 2864 emendari

194 2906 387 2982 quodminus
411 2902 555 2960 canonice
578 2899 711 2955 noscitur
734 2901 922 2964 attentatum,
938 2895 1018 2968 quod

193 2995 332 3068 amajori
347 2996 431 3067 parte
446 2988 568 3062 capituli
583 2985 704 3059 provido
719 2985 844 3041 consilio
859 2984 1019 3056 disponer·
1106 2987 1147 3044 Er
1162 2991 1246 3060 parta
1260 2986 1438 3044 venerabilis
1452 2987 1552 3045 fratris
1566 2990 1663 3045 nostri
1679 2991 1714 3046 a.
1727 2987 1892 3062 lugdunen.

138 3073 145 3082 ’
193 3085 264 3142 dum
279 3083 341 3139 fore
357 3082 505 3146 censetur,
519 3075 577 3132 duo
591 3074 636 3130 rel
652 3079 712 3130 tres
728 3090 764 3129 ex
779 3072 850 3144 ipsis
866 3072 1018 3129 canonicis
1031 3101 1057 3171 G
1071 3077 1286 3149 archiepiscopi
1301 3075 1416 3134 litteras
1431 3078 1600 3150 accepimns
1615 3078 1808 3136 continentes
1822 3073 1895 3149 quod

192 3179 308 3230 motum
323 3169 415 3228 animi
424 3168 469 3224 sui
483 3170 740 3238 sequentes,suam
748 3161 1013 3219 contradictionem
1071 3182 1139 3223 cum
1154 3164 1343 3238 lt.quondam
1358 3165 1586 3224 archidiaconus
1600 3167 1808 3242 Lugdunensis
1823 3163 1894 3221 mul·

191 3264 346 3335 opponunt
360 3259 441 3314 etita
452 3267 642 3313 communem
657 3251 817 3306 utilitatem
832 3254 862 3306 ei
874 3249 1013 3306 Ecclesiae
1067 3261 1097 3312 ta
1112 3255 1247 3312 enormia
1259 3255 1503 3322 commisisset,in
1518 3257 1616 3328 ipsum
1631 3255 1822 3330 exigentibus
1836 3267 1893 3309 me·

190 3353 356 3428 profectum
377 3367 438 3407 non
452 3349 590 3404 metuunt
612 3341 768 3416 impedire.
786 3345 843 3399 llos
857 3343 947 3416 igitur
960 3345 1015 3398 llo·
1067 3344 1133 3400 ritis
1156 3343 1289 3400 mandati
1313 3341 1468 3415 apostolici
1493 3345 1670 3401 auctoritate
1693 3349 1814 3416 recepta
1830 3357 1892 3396 sen·

190 3443 289 3500 ctesias
303 3445 407 3498 vestra
421 3435 599 3494 utilitatibus
613 3432 768 3506 providere
789 3432 932 3504 volentes,
948 3433 1013 3489 dis·
1067 3433 1191 3490 tentiam
1208 3431 1523 3490 excommunicationis
1538 3433 1687 3506 injecit,et
1702 3432 1839 3490 eumdem
1853 3427 1890 3484 of·

191 3531 315 3588 crationi
337 3533 441 3586 restrae
464 3523 605 3600 praesenti
631 3523 738 3596 pagina
766 3522 954 3597 indulgemus
981 3527 1015 3577 ut
1067 3523 1134 3580 flcio
1149 3521 1354 3594 beneflcioque
1370 3522 1502 3595 privarit.
1519 3523 1627 3579 Verum
1643 3523 1727 3596 quia,
1744 3522 1821 3579 sicut
1834 3523 1887 3574 tans

189 3620 272 3678 robis
285 3621 375 3676 liceat
388 3617 425 3675 de
450 3631 574 3672 assensu
589 3612 711 3684 majoris
734 3616 764 3668 et
779 3611 905 3668 sanioris
921 3613 1013 3684 partis
1067 3611 1146 3668 idem
1160 3611 1402 3683 archiepiscopus
1412 3627 1502 3683 quam
1517 3609 1603 3668 multi
1618 3611 1671 3668 alii
1687 3628 1743 3685 per
1756 3625 1824 3667 snas
1837 3623 1887 3664 no-

190 3709 486 3782 capituli,paucorum
498 3701 733 3760 contradictione
747 3717 799 3757 seu
814 3699 1013 3773 appellatione
1066 3699 1112 3756 bis
1127 3699 1242 3756 litteras
1262 3699 1448 3769 intimarunt,
1464 3699 1624 3772 pradictus
1646 3703 1681 3760 a.
1698 3699 1839 3774 quoniam
1864 3693 1887 3749 ei

190 3812 380 3870 nequaquam
395 3794 543 3860 obstante,
554 3791 701 3863 corrigere
724 3789 792 3862 (nisi
802 3790 888 3862 juxta
902 3791 1014 3847 consti·
1067 3786 1149 3844 dedit
1160 3787 1275 3842 vexatio
1289 3785 1487 3856 intellectum,
1503 3787 1654 3845 desiderat
1670 3787 1840 3846 satisfacere
1853 3781 1886 3838 de

190 3887 336 3943 tutionem
352 3879 645 3939 Lateraneuconcilri
658 3879 695 3934 ab
710 3878 754 3934 eis
768 3879 943 3936 rationabile
958 3880 1014 3936 ali·
1067 3874 1235 3933 commissis
1249 3879 1278 3932 et
1293 3890 1362 3932 suos
1377 3891 1515 3932 excessus
1539 3891 1607 3933 cnm
1622 3878 1706 3934 omni
1728 3874 1889 3932 bumilitate

190 3974 262 4049 quid
277 3973 427 4046 objectum
441 3970 531 4027 fuerit
544 3975 574 4025 et
586 3967 751 4038 ostensum)
759 3983 825 4039 quae
838 3968 869 4023 in
883 3969 1014 4026 Ecclesia
1067 3964 1212 4038 deplorat,
1227 3965 1265 4022 da
1287 3967 1374 4040 qu‘us
1397 3965 1563 4040 dejectione
1588 3969 1684 4026 multa
1707 3960 1889 4042 Lugdunensi

189 4069 287 4122 restra
301 4059 477 4133 corrigenda
492 4057 669 4114 emerserint
684 4060 713 4112 et
727 4060 935 4129 statuereque
950 4057 1014 4115 fne-
1067 4053 1206 4111 aeclesias
1220 4054 1361 4112 dicuntur
1376 4055 1566 4112 incommoda
1580 4058 1738 4130 provenire
1755 4073 1761 4112 :
1777 4057 1832 4112 lios
1844 4053 1891 4107 ita·

189 4153 251 4209 rint
265 4149 432 4208 statuenda.
450 4145 529 4204 Nulli
542 4161 622 4219 ergo,
637 4149 693 4201 eto.
1070 4159 1128 4215 qrre
1141 4159 1210 4200 curn
1226 4160 1260 4200 eo
1271 4145 1505 4202 misericorditer
1518 4162 1605 4221 agere
1620 4147 1890 4221 cupientesmtcon·

225 4242 330 4297 Datum
345 4240 445 4296 Romae
461 4233 539 4308 apud
553 4233 581 4291 S.
598 4235 729 4302 Petrum,
742 4237 799 4289 etc.
1068 4235 1113 4288 tra
1135 4232 1284 4304 justitiam
1308 4250 1369 4291 non
1392 4234 1567 4291 recedamus
1581 4251 1599 4292 a
1613 4237 1733 4293 tramite
1754 4229 1888 4294 vertutis,

544 4340 656 4396 gggpp,
1066 4321 1245 4379 fraternitati
1269 4328 1326 4378 tuas
1341 4339 1395 4395 par
1408 4323 1572 4396 apostolica
1593 4325 1705 4398 scripta
1719 4321 1887 4380 mandamus

418 4447 522 4490 mom
541 4444 648 4484 „gemo
667 4444 772 4484 msc,
1027 4415 1228 4525 unatenus,
1242 4416 1391 4484 acceptos
1405 4413 1527 4485 prmfato
1551 4415 1584 4470 R.
1606 4415 1789 4486 juramento,
1809 4410 1889 4482 juxis

193 4525 226 4579 Ut
239 4522 367 4592 sacrilegi
381 4527 407 4578 et
429 4527 553 4592 raptores
577 4519 707 4573 bonorum
732 4519 859 4574 Ecclesia
873 4535 1014 4576 conceon-
1071 4497 1199 4556 s⁰rm⁸¹¹¹
1212 4498 1351 4555 E⁰⁰¹⁰⁸iffl
1366 4501 1512 4573 ipsumfib
1528 4501 1831 4559 ⁰¹⁰0mm¹¹ni⁰³fi⁰¹¹0
1845 4493 1888 4550 ‘'1¹''

573 4595 628 4645 tur.
1071 4586 1177 4644 solvas.
1194 4587 1222 4644 Si
1238 4593 1337 4645 autem
1360 4589 1438 4646 idem
1455 4591 1487 4646 ll.
1504 4606 1558 4663 pro
1579 4593 1716 4662 crimine,
1733 4583 1886 4648 secundum

457 4679 628 4752 (Datumut
641 4677 748 4750 snpra).
1066 4677 1145 4750 juris
1171 4677 1318 4746 ordinem,
1336 4679 1514 4734 sententiam
1539 4677 1621 4737 illius
1640 4675 1831 4755 depositionis
1844 4672 1887 4727 in·

225 4771 298 4827 Cum
317 4769 432 4841 antiqui
447 4768 541 4824 hostis
556 4767 645 4822 fallax
659 4766 806 4840 suggestio
826 4765 1016 4841 fragilitatem
1071 4766 1174 4833 currit,
1191 4781 1258 4822 cum
1282 4765 1401 4838 publice
1417 4767 1611 4824 criminosum
1636 4773 1666 4826 et
1680 4767 1805 4826 maxime
1820 4775 1886 4818 con-

189 4859 369 4918 conditionis
392 4859 531 4913 humanu
556 4855 664 4928 sapius
679 4855 716 4912 ad
741 4855 846 4912 illicita
865 4856 1016 4913 declinare
1070 4855 1178 4911 vietum
1195 4854 1231 4911 do
1255 4855 1391 4926 numine,
1408 4855 1439 4913 in
1455 4872 1508 4914 sna
1530 4857 1662 4914 nolimus
1677 4853 1807 4930 nequitia
1821 4864 1885 4907 con·

190 4948 394 5023 compellat,et
403 4951 515 5019 quanto
524 4945 617 5018 magis
627 4943 709 5001 dolet
717 4945 754 5001 de
765 4947 1018 5018 reparationehu-
1071 4943 1180 5014 fovere,
1198 4943 1333 5002 eamdem
1348 4947 1527 5003 sententiam
1542 4947 1634 5004 facias
1658 4945 1780 5004 firmiter
1791 4941 1882 4998 obser·

1285 2663 1433 2705 senonensi
1452 2665 1678 2708 sacalmtscol’m

1166 2739 1204 2795 De
1213 2739 1377 2810 pendentia
1391 2745 1416 2794 et
1430 2739 1599 2796 absolutione
1613 2739 1809 2798 archidiaconi

1386 2811 1585 2881 Lugdunensis.

1214 2896 1311 2970 (Apud
1325 2898 1354 2954 S.
1371 2899 1501 2967 Petrum,
1517 2915 1547 2955 nr
1562 2901 1636 2956 Nou.
1652 2900 1748 2960 tullii.

190 5038 270 5095 mani
285 5037 414 5112 generis,
432 5041 513 5091 tanto
528 5033 679 5091 efficacius
699 5035 797 5106 ipsum
810 5035 957 5106 captivare
973 5035 1015 5091 la-

188 5127 275 5183 boret
286 5144 292 5182 :
304 5131 409 5183 contra
417 5125 511 5196 ipsius
522 5122 660 5178 astutiam
677 5139 748 5178 cura
771 5123 914 5179 debemus
927 5124 1018 5180 insis-

189 5221 252 5272 tere
265 5215 401 5290 diligenti
412 5212 518 5269 etillos
534 5229 609 5284 quos
621 5211 733 5268 fraudis
748 5229 808 5268 suos
823 5211 931 5285 laqueo
947 5214 1018 5268 niti-

190 5311 239 5360 tur
249 5305 393 5378 impedire
401 5303 557 5360 allectione
565 5301 736 5357 omnimoda
749 5300 785 5357 ad
792 5301 917 5374 justitian
928 5302 1017 5356 serni·

192 5397 250 5446 tarn
260 5391 555 5458 rovocareononiarn
567 5389 656 5462 igitur
666 5388 1017 5461 quidem,utaudivimus,

195 5479 300 5552 spiritu
314 5479 509 5554 malignitatis
528 5477 653 5544 inducti,
664 5476 861 5532 Ecclesiamm
877 5476 955 5533 bona
970 5495 1018 5534 ra-

194 5567 415 5639 pere,bomines
428 5581 530 5622 earum
541 5581 656 5638 capere,
674 5563 828 5638 sacrilegia
840 5565 930 5624 etiam
946 5583 1017 5622 con·

228 5681 302 5758 (tta)
317 5681 387 5753 Cap.
402 5683 571 5752 Exposuisti.
587 5681 627 5738 lte
643 5695 766 5752 corpore
781 5681 900 5740 vitiatis.

1071 5033 1287 5106 vari.rllioquin
1302 5049 1392 5106 super
1407 5035 1470 5107 ipso
1483 5037 1600 5108 negotio
1617 5037 1740 5110 ejusque
1754 5037 1883 5108 processu

1071 5123 1114 5178 rei
1129 5123 1283 5178 veritatem
1310 5121 1470 5196 diligenter
1481 5124 1616 5195 inquiras
1642 5133 1672 5183 et
1686 5123 1761 5199 quod
1774 5121 1883 5175 invene-

1072 5212 1113 5266 ris
1130 5213 1159 5267 in
1175 5212 1317 5284 scripturn
1335 5211 1474 5286 redigens
1488 5217 1582 5269 totum
1598 5215 1641 5271 rei
1655 5221 1819 5288 processum
1834 5198 1882 5258 sub

1074 5300 1131 5356 tuis
1147 5301 1255 5357 litteris
1271 5305 1300 5358 et
1315 5301 1410 5374 sigillo
1428 5301 1577 5358 inclusum
1594 5305 1682 5362 nobis
1696 5301 1817 5361 fideliter
1829 5303 1881 5346 non

1073 5389 1195 5447 differas
1220 5388 1369 5448 destinare
1382 5407 1389 5458 ;
1403 5394 1437 5447 ut
1460 5392 1502 5448 sic
1514 5409 1568 5464 per
1582 5398 1611 5449 te
1636 5393 1811 5450 sufficienter
1823 5381 1880 5436 ins-

1075 5479 1162 5534 tructi
1179 5479 1286 5536 melius
1301 5485 1330 5536 et
1344 5478 1468 5536 liberius
1484 5479 1514 5536 in
1537 5483 1655 5556 negotio
1670 5475 1820 5556 procedere
1833 5483 1879 5521 ra·

1073 5568 1199 5624 leamus.
