3952 6042
92 216 220 257 mxxvn
796 197 917 256 easta.
939 229 974 242 -
993 197 1051 256 AN.
1073 198 1151 257 l208.
1705 217 1825 260 cauum

97 361 197 413 mata.
215 354 300 422 Quod
318 353 434 410 demam
449 367 509 419 rer,
527 358 641 423 propter
656 353 818 423 generalem
834 355 941 410 clamo·
956 354 984 421 Α
999 355 1046 424 qui
1058 370 1091 410 ox
1106 355 1247 412 discordia
1262 371 1348 428 quam
1361 356 1500 412 seminare
1514 355 1642 414 solebant
1656 357 1732 416 inter
1746 375 1821 416 sum-

97 462 178 514 rem,
198 446 347 502 sustinere
363 459 421 500 nnn
437 442 606 515 praevalens,
623 442 848 500 satisfactionem
864 443 947 500 obtu·
1006 459 1082 498 marn
1096 445 1257 514 pontificem
1271 454 1294 502 et
1308 447 1466 502 Romanum
1481 446 1828 520 populum,suosquestua

99 537 133 592 lit
149 533 365 608 pernunticset
376 533 483 590 litteras
491 548 557 589 suas
569 549 577 600 ς
593 532 907 606 quamarcbiepiscopo
919 533 950 590 in

102 624 252 681 Fiandria
267 621 445 694 exspectanti
461 621 642 680 denuntiavit
658 622 710 678 boc
725 624 809 680 niodo
821 623 898 696 (32l:

138 713 288 770 cxxxtt.
317 712 502 769 Ciariuimns
528 711 561 766 in
591 711 702 768 Claristo
732 712 810 780 filias
835 719 947 784 noster,

104 806 249 874 loannes,
265 819 320 859 res
342 801 492 874 raptorem
514 802 644 868 illustris,
667 818 756 874 ncper
778 803 869 873 nobis,
894 809 948 860 etc.

105 896 175 950 Uet.
193 892 324 966 dangioe,
338 889 445 948 videl.
460 892 551 958 iunii,
566 907 614 948 un.
629 907 667 948 xr.

141 981 302 1040 cxxxttt.
317 981 388 1050 Quia
402 997 469 1039 vero
484 981 598 1037 virtutis
613 994 715 1037 aurum
731 981 790 1053 (33)
801 981 831 1038 in
853 997 949 1052 persc-

101 1072 238 1129 cutionis
254 1071 370 1128 tornaco
385 1071 530 1142 probatur,
547 1067 645 1126 rolens
661 1070 737 1126 Deus
754 1071 862 1142 prelati
878 1087 948 1142 prae·

103 1160 184 1216 salis
208 1159 380 1230 patientiam
402 1159 478 1216 iuter
499 1159 617 1214 adversa
639 1158 755 1230 probari
779 1175 845 1216 eum
865 1160 948 1232 quasi

105 1249 234 1320 signum
254 1247 387 1322 exposuit
409 1248 444 1303 ad
471 1247 597 1319 sagittas,
620 1249 790 1319 permittens
813 1251 906 1320 ipsum
931 1267 949 1304 a

104 1339 171 1396 suis
181 1338 299 1396 civibus
310 1339 410 1395 multis
421 1338 628 1396 tentationibus
643 1341 769 1397 exerceri
781 1360 788 1410 3
801 1341 860 1412 sed,
874 1341 947 1398 sicut

103 1429 135 1484 in
154 1429 275 1486 Psalmo
287 1427 390 1500 legitur
407 1445 413 1484 :
430 1427 549 1500 Sagitta
570 1428 752 1498 parvulorum
774 1429 853 1484 lacte
878 1435 947 1486 sunt

107 1519 204 1589 plage
221 1533 334 1586 eorum,
355 1525 382 1574 et
406 1533 456 1588 pro
481 1515 571 1573 nihilo
597 1517 736 1572 habentur
759 1527 858 1575 contra
881 1534 947 1574 eum

105 1607 220 1678 linguae
232 1607 363 1679 ipsorum
375 1605 461 1678 (Paul.
474 1623 551 1674 narn,
564 1605 603 1680 9).
616 1606 685 1663 Cum
699 1606 777 1663 enim
787 1607 946 1664 Romanum

1003 533 1153 604 augebant,
1170 535 1360 606 intelligentes
1377 537 1451 606 quod
1465 553 1523 592 nou
1548 545 1678 607 poteraut
1702 538 1732 594 in
1756 555 1830 610 aqna

1003 621 1080 678 clara
1102 623 1216 695 piscaria
1241 633 1387 696 ceperunt
1410 641 1511 696 aquam
1535 627 1660 693 turbare,
1687 636 1715 682 ut
1741 627 1772 684 in
1796 643 1829 684 ea

1004 712 1105 768 melius
1120 714 1307 784 piscarentur.
1324 718 1401 769 inter
1415 729 1485 784 quos
1505 715 1677 786 principales
1689 724 1716 772 et
1731 716 1827 785 praci-

1004 803 1054 874 pui
1070 803 1238 859 exstiterunt
1251 802 1378 860 loannes
1404 804 1477 860 Petri
1493 803 1594 860 Leonis
1609 805 1740 874 ilayuerii
1756 806 1827 879 (33),

1004 898 1031 948 et
1045 891 1170 948 loannes
1184 893 1314 962 Capotins
1329 892 1396 964 (36),
1412 893 1464 963 qui
1478 909 1512 949 ex
1533 893 1666 950 incundia
1685 911 1736 950 sua
1752 895 1826 952 mul·

1005 990 1066 1036 tum
1080 981 1242 1038 obtinuerat
1265 982 1295 1037 in
1318 982 1416 1052 populi
1441 982 1575 1040 lusorem.
1602 984 1637 1038 Hi
1663 1000 1730 1056 ergo
1752 985 1827 1043 hanc

1005 1070 1125 1141 primam
1140 1070 1272 1126 tnrbnmli
1289 1069 1437 1126 materiam
1454 1072 1634 1140 invenerunt,
1654 1073 1782 1131 dicentes
1797 1075 1828 1131 in

1003 1159 1107 1230 populo
1123 1160 1196 1230 quod
1212 1159 1346 1216 dominus
1361 1177 1432 1232 papa
1448 1161 1617 1231 spoliaverat
1636 1161 1739 1218 Urbem
1764 1179 1828 1220 om·

1003 1249 1088 1304 nibus
1103 1249 1280 1316 tenimentis,
1297 1249 1368 1304 sieut
1386 1264 1492 1321 anceps
1506 1250 1653 1320 deplumat
1667 1267 1749 1307 avem
1764 1269 1826 1308 om·

1003 1336 1087 1392 nibus
1102 1337 1214 1408 pannis,
1232 1353 1281 1408 pro
1297 1353 1329 1392 eo
1345 1339 1418 1408 quod
1442 1339 1502 1408 ipse
1517 1339 1661 1395 Sabiniam
1678 1348 1704 1396 et
1721 1341 1826 1398 llariti·

1002 1442 1079 1482 mam
1094 1427 1128 1480 ad
1145 1441 1262 1482 monum
1276 1426 1409 1484 Ecclesia
1422 1435 1608 1495 revocaverat,
1628 1435 1655 1484 et
1679 1446 1828 1501 recupera-

1002 1513 1168 1571 veratUrbis
1177 1523 1305 1570 senatum
1317 1515 1383 1582 137).
1396 1514 1461 1582 Sel,
1472 1531 1537 1572 cum
1551 1515 1604 1571 hoc
1614 1518 1825 1576 modomioime

1001 1603 1195 1676 proiecissent,
1227 1605 1407 1660 occasionem
1445 1605 1571 1674 aliquam
1606 1606 1825 1676 confinxerunt,

105 1697 255 1769 populum
265 1743 266 1746 ,
277 1696 312 1751 ad
334 1693 536 1766 vassallagium
558 1697 710 1768 recepisset
727 1697 792 1768 (Bi),
817 1695 945 1768 quidam,
961 1721 985 1788 B
1000 1699 1160 1766 asserentes
1175 1693 1249 1763 quod
1263 1693 1326 1765 ipsc
1342 1703 1471 1750 senatum
1488 1710 1547 1751 non
1562 1694 1681 1751 iaciebat
1695 1711 1826 1753 commu·

144 1839 206 1912 (32)
222 1836 463 1907 Vidcepistolam
487 1838 533 1904 90,
560 1836 626 1893 libri
651 1838 797 1894 undecimi
820 1841 946 1897 cantan-

106 1911 201 1968 riensi
215 1909 436 1981 crebicpiscopc,
453 1908 480 1964 S.
498 1910 530 1966 R.
547 1910 743 1966 deordinata.

150 1983 218 2110 (33)
231 1980 345 2038 Virtutis
367 1997 482 2037 aarum.
498 1982 545 2036 Sic
557 1983 633 2051 apud
658 1981 803 2038 Baluzium
817 1999 825 2053 ;
841 1982 870 2038 in
896 1999 945 2040 co·

110 2055 180 2111 dice
220 2051 396 2116 allicellano,
411 2053 498 2108 virtus
513 2055 589 2108 curi.

149 2126 210 2196 (34)
225 2124 301 2180 Vide
315 2139 411 2195 supra,
425 2125 439 2193 ἓ
454 2126 481 2181 8.

149 2197 213 2269 (35)
237 2198 276 2253 Ue
297 2196 407 2251 loaaue
436 2195 512 2251 Patri
541 2195 654 2259 Leonis,
683 2194 823 2252 senatoris
852 2195 945 2266 Urbis,

111 2269 227 2326 mentio
243 2266 362 2324 habetur
381 2267 410 2323 in
425 2267 547 2339 epistola
560 2267 623 2334 239,
645 2266 710 2323 libri
731 2266 861 2323 secundi.
879 2269 945 2324 Ste-

110 2341 221 2412 plaurrc,
242 2337 348 2403 attari,
368 2342 396 2394 et
410 2339 557 2394 concentui
575 2339 603 2394 S.
620 2337 767 2410 Sylvealri
792 2338 826 2394 de
850 2356 944 2405 rraasu,

112 2427 179 2484 gaae
204 2409 281 2466 inter
304 2411 445 2465 ecclesiam
472 2409 499 2466 S.
520 2409 614 2465 lloriae
629 2411 661 2464 in
680 2410 726 2465 Via
739 2414 817 2476 Lato,
833 2419 858 2464 et
872 2413 897 2467 Ι.
913 2413 947 2467 (le

114 2484 220 2539 Attrita
231 2482 397 2544 vertebatur,
421 2481 479 2537 det.
496 2481 636 2549 Laterani,
652 2497 671 2536 v
687 2482 744 2537 ilai.
770 2482 944 2539 Decembris.

113 2555 156 2610 Ex
173 2556 232 2611 ista
247 2568 314 2610 vero
327 2553 448 2622 epistole
457 2554 576 2621 eruitur,
589 2552 731 2610 loannem
746 2553 818 2609 Petri
830 2552 945 2624 Leonis,

115 2643 176 2683 uou
192 2627 252 2682 nisi
269 2633 331 2696 post
342 2629 370 2680 e.
387 2624 532 2682 carosomi
548 2624 595 2694 (de
611 2640 667 2696 quo
691 2625 752 2680 side
776 2640 860 2695 supra
884 2635 943 2680 not.

115 2698 152 2752 ad
169 2697 184 2769 5
204 2697 245 2767 8),
262 2697 404 2765 etiamque
427 2703 493 2751 anta
519 2697 628 2750 olaitum
652 2694 796 2754 Caelestini
816 2696 868 2752 ΡΡ.
895 2697 944 2765 ΙΙΙ,

113 2771 261 2826 senatoria
276 2767 414 2839 dignitate
430 2766 549 2838 potitum
565 2767 662 2823 inisse.

151 2841 211 2913 (36)
230 2839 372 2896 Flornlrse
388 2839 480 2894 llonm
496 2841 572 2895 circa
587 2839 656 2904 hacc,
674 2839 704 2895 io
726 2837 829 2907 ouibus
849 2855 947 2896 verse-

116 2927 194 2979 mur,
212 2916 341 2980 tempora
356 2909 539 2978 Capotianam
556 2919 680 2980 gentem,
692 2911 877 2967 testisauclor
888 2927 946 2968 non

1002 1837 1092 1891 eresia
1108 1835 1136 1891 di
1157 1835 1284 1892 arnaldo
1299 1835 1335 1890 da
1349 1835 1472 1904 Braecia,
1498 1843 1650 1894 entraronn
1673 1839 1721 1895 nei
1743 1857 1825 1910 pazao

1003 1907 1134 1978 pensiero
1149 1907 1178 1961 di
1194 1915 1354 1964 restaurare
1378 1909 1491 1964 l'antica
1513 1909 1603 1978 gloria
1628 1909 1672 1966 de’
1695 1910 1826 1978 Romani,

1002 1995 1056 2036 eon
1071 1981 1212 2036 remittere
1233 1979 1261 2034 in
1285 1979 1362 2050 piedi
1378 1981 1395 2036 il
1413 1989 1519 2045 senato,
1538 1997 1586 2049 per
1610 1980 1825 2039 l’amministra-

1001 2051 1082 2107 aione
1105 2049 1189 2106 civile
1213 2051 1241 2106 di
1265 2050 1365 2116 Roma,
1390 2061 1488 2107 contro
1513 2053 1600 2108 tottii
1615 2053 1705 2109 diritti
1727 2055 1823 2111 cbevi

1001 2139 1085 2178 aveva
1101 2123 1119 2177 ii
1136 2126 1264 2177 Romano
1289 2123 1440 2192 pontelice.
1465 2123 1554 2178 l'enta
1569 2139 1605 2180 ne
1621 2125 1722 2181 turono
1736 2125 1826 2182 ollora

1001 2194 1091 2256 cletti,
1106 2209 1122 2249 c
1138 2194 1208 2248 tanti
1224 2195 1325 2249 turono
1341 2210 1409 2264 pure
1425 2199 1498 2250 sotto
1521 2196 1666 2252 Clemente
1690 2196 1729 2251 ΙΙΙ
1746 2200 1828 2254 Inco-

1001 2265 1446 2322 minciaronodalsudcttoanno
1459 2265 1565 2332 ttl3‚a
1581 2269 1826 2338 segnarcglinnni

1001 2339 1028 2392 di
1041 2345 1139 2408 questa
1154 2336 1491 2394 rinovaziooediaenato.
1511 2341 1562 2393 Nel
1588 2339 1752 2409 pontilicato
1779 2342 1826 2410 poi

1001 2410 1029 2464 di
1045 2409 1186 2463 celestino
1203 2407 1252 2472 lll,
1270 2424 1309 2463 un
1325 2416 1403 2465 certo
1423 2409 1578 2466 Benedotto
1594 2411 1618 2466 si
1633 2426 1732 2481 arrogo
1754 2415 1827 2468 tutta

1002 2480 1142 2536 t’autortia
1165 2479 1317 2546 senatoria,
1344 2479 1462 2536 lacendo
1477 2499 1493 2535 a
1508 2497 1575 2550 gara
1595 2497 1648 2538 cen
1670 2485 1772 2552 arrigo
1789 2483 1826 2538 lV

1000 2551 1190 2621 imperadore,
1205 2550 1369 2606 d'invadcre
1381 2551 1406 2606 le
1418 2551 1525 2620 regioni
1538 2551 1610 2607 della
1620 2553 1732 2618 chiesa,
1744 2570 1825 2611 conae

1001 2625 1024 2677 si
1038 2622 1178 2688 racccglic
1192 2621 1267 2676 dalle
1289 2626 1367 2692 gesta
1390 2622 1579 2679 d'lnnocenzo
1594 2623 1648 2680 ΡΡ.
1666 2626 1714 2680 ΙΙΙ.
1732 2625 1823 2682 Benc-

1001 2697 1076 2751 dctto
1093 2694 1163 2748 totae
1178 2693 1330 2750 itaritlima
1345 2710 1361 2751 e
1376 2695 1402 2749 la
1417 2694 1521 2751 Sabina
1536 2697 1713 2766 preueudovi
1731 2696 1741 2751 i
1760 2697 1824 2753 suoi

1001 2763 1165 2836 guistizieri,
1183 2773 1291 2821 mentre
1305 2781 1367 2821 esso
1384 2767 1483 2836 arrigo
1503 2782 1572 2822 area
1587 2775 1723 2838 occupata
1738 2768 1764 2823 la
1779 2769 1822 2824 Si·

1001 2837 1077 2906 eilia,
1093 2853 1108 2892 e
1124 2839 1199 2906 tutto
1215 2837 1234 2892 il
1249 2837 1419 2907 patrimonio
1435 2838 1461 2893 di
1477 2839 1505 2894 S.
1522 2838 1626 2906 Pietro,
1642 2846 1785 2896 eccetuatn
1798 2841 1825 2897 la

1001 2909 1172 2980 Campagne.
1189 2907 1349 2965 innocense
1364 2924 1450 2980 seppe
1470 2911 1625 2980 reprimere
1639 2911 1779 2968 l’oudecia
1793 2913 1823 2967 di

116 2983 359 3052 contemnendus,
384 2981 565 3038 lticordanus
590 2982 762 3052 lilnlespiuae.
788 2983 836 3052 qui
858 2983 893 3038 de
918 3000 947 3039 se
1003 2983 1026 3036 si
1042 2983 1109 3036 tatto
1124 2981 1270 3048 Senaturo,
1285 2981 1478 3052 eieggendone
1493 2981 1548 3051 egli
1573 2981 1621 3038 un'
1643 2984 1749 3038 altroa
1772 3001 1823 3040 suo

115 3055 178 3125 ipse
200 3070 285 3110 narra
296 3061 316 3120 t,
338 3069 369 3110 se
391 3069 469 3109 anno
490 3052 591 3109 Christi
616 3053 685 3108 1200
709 3055 828 3109 Romam
853 3054 946 3124 prole·
1004 3053 1097 3121 modo,
1123 3067 1170 3106 ma
1195 3069 1244 3122 per
1267 3058 1432 3109 contentare
1456 3053 1603 3122 l'ioquieto
1618 3055 1721 3126 popolo
1733 3057 1823 3112 istitui

115 3136 207 3194 ctum,
227 3129 310 3194 apud
327 3125 495 3197 dappoecion
518 3124 624 3180 nobiles
642 3125 713 3180 noes
730 3129 864 3182 Romanoa
882 3127 947 3198 usfi—
961 3105 987 3171 G
1001 3123 1066 3180 nell’
1087 3139 1163 3178 annii
1181 3123 1248 3178 1208
1262 3125 1416 3196 cinquauta
1435 3126 1475 3180 sei
1499 3128 1632 3186 sanatori.
1650 3127 1822 3196 predicando

115 3199 281 3264 nassonia
295 3197 499 3252 vetustissimas
511 3196 842 3252 historiasincidiaae.-
857 3219 871 3247 a
887 3199 946 3254 iiio
1000 3195 1040 3268 gli
1058 3194 1125 3266 perd
1135 3195 1188 3251 cbe
1203 3196 1309 3266 grande
1333 3204 1480 3252 sconcerto
1504 3213 1540 3252 ne
1563 3197 1680 3254 sarebbs
1709 3205 1820 3254 tornato

117 3267 743 3341 sopraddettoltieordano,ebbiinpartele
764 3269 946 3338 sopraddette
999 3268 1055 3322 alla
1083 3267 1166 3332 Cirta,
1190 3281 1271 3322 come
1293 3267 1321 3321 di
1347 3269 1407 3322 letti
1430 3283 1569 3334 avvenne,
1599 3271 1674 3325 onde
1700 3285 1715 3323 a
1745 3269 1818 3339 prti-

117 3341 286 3397 insoritturo
300 3341 336 3395 da
352 3355 390 3396 un
402 3338 499 3396 nobile
522 3339 665 3395 Cattadino
688 3339 828 3404 Romano,
853 3339 872 3394 il
898 3341 944 3396 eui
999 3340 1079 3395 aione
1093 3336 1168 3393 dello
1183 3346 1273 3394 stesso
1288 3338 1392 3410 popolo
1407 3338 1524 3411 bisognb
1543 3341 1686 3397 rimettere
1702 3355 1739 3396 un
1760 3339 1820 3398 solo

115 3429 203 3469 nome
217 3412 248 3468 fu
264 3411 383 3467 Uicrello
398 3412 427 3467 di
443 3410 529 3467 biello
544 3410 681 3480 Uapocci;
697 3411 715 3466 il
728 3411 945 3481 qualeFinrelln
998 3418 1140 3466 senatore.
1157 3429 1171 3458 »

116 3484 188 3540 rbbe
210 3484 236 3541 le
257 3484 334 3539 delle
357 3484 499 3538 iscrtttnre
521 3484 550 3539 di
570 3483 632 3538 suot
656 3483 827 3538 antecessori
831 3523 898 3539 ......
923 3484 943 3540 ΙΙ
1036 3483 1176 3537 Hactenus
1200 3479 1376 3536 clarissimus
1395 3485 1493 3536 auctor
1512 3480 1638 3554 (Galetti)
1659 3482 1822 3552 locosupra
1909 3503 1913 3511 ·

114 3552 942 3626 dottoFiorclioUtunodedettiCappocoi‚ilqualesidi·
997 3552 1126 3608 citato...
1153 3554 1226 3606 Pace
1250 3567 1316 3607 vern
1339 3551 1401 3622 eJus
1424 3552 1590 3624 dixerimus,
1621 3569 1679 3609 non
1714 3552 1821 3625 absquo

114 3626 317 3684 lettcmnltodi
328 3625 449 3682 scrivere
460 3641 528 3682 cose
540 3627 701 3695 passataed
713 3625 942 3683 calandioancbe
998 3624 1174 3679 restrictione
1197 3621 1292 3692 aliqua
1314 3624 1483 3693 accipienda
1506 3633 1572 3679 sunt
1594 3623 1683 3694 ipsius
1707 3627 1815 3681 verba:

117 3701 206 3756 molto
217 3699 241 3754 si
257 3699 356 3754 dileltn
367 3697 395 3752 di
410 3697 511 3753 eosedi
522 3697 690 3768 atrologio...
709 3696 792 3752 Poial
807 3706 902 3767 tempo
913 3699 941 3754 di
995 3697 1149 3752 innocense
1172 3709 1253 3765 cappe
1276 3696 1425 3762 reprimere
1447 3695 1584 3752 l'nadocic
1607 3695 1637 3751 di
1650 3698 1676 3751 si
1689 3698 1757 3766 fatto
1773 3714 1819 3752 sr-

69 3770 71 3774 ’
115 3770 197 3827 Carlo
208 3770 322 3841 Magno,
334 3769 364 3824 m
376 3785 413 3824 nn
426 3768 522 3825 nobile
534 3781 617 3825 vomo
628 3769 657 3823 di
670 3769 765 3832 Roma,
778 3768 798 3824 il
811 3772 896 3840 quale
911 3770 940 3825 ln
994 3777 1093 3824 actore
1115 3766 1260 3837 clangendo
1272 3781 1307 3822 nc
1321 3783 1360 3823 uc
1382 3769 1455 3823 altro
1477 3785 1498 3824 a
1518 3784 1570 3823 aaa
1592 3767 1683 3824 modo.
1709 3768 1818 3840 Nequa-

115 3841 191 3898 della
206 3841 388 3914 soppradetta
402 3840 523 3896 schlatta
537 3841 571 3896 de
581 3839 714 3912 Capanei,
725 3843 758 3896 ed
770 3840 843 3896 ebbe
855 3857 941 3898 nome
994 3854 1079 3906 uuam
1106 3838 1194 3908 onim,
1218 3847 1299 3908 prout
1312 3837 1370 3907 jam
1386 3855 1420 3895 ex
1436 3839 1596 3896 iunocentii
1609 3839 1728 3912 epistole
1743 3857 1817 3912 qina-

115 3915 213 3970 airico
224 3910 484 3982 Capocci,edebbe
500 3911 702 3968 nonncAirico
713 3913 887 3982 Cappocci..‚
899 3912 939 3968 un
994 3911 1059 3966 dam
1076 3910 1189 3981 probari
1205 3911 1425 3978 observavimus,
1441 3910 1515 3982 (vide
1531 3927 1616 3982 supra
1627 3919 1685 3968 not.
1699 3913 1733 3966 ad
1749 3913 1815 3986 (8).

117 3987 143 4042 Ιο
158 3984 342 4055 sopraddetto
352 3983 521 4052 Ricardano,
537 3984 580 4038 iat
594 4000 644 4054 per
657 3982 803 4052 lammina,
818 3983 879 4040 oioe
889 3983 939 4039 l'a·
993 3984 1162 4038 Benedictus
1173 3981 1225 4036 sui)
1235 3982 1297 4052 ipso
1308 3982 1486 4052 innocentio,
1498 3983 1546 4038 sed
1557 3983 1816 4041 circainitiaCoelc-

116 4056 176 4112 vola
191 4053 428 4125 mia,delladetta
440 4054 687 4124 casade'Capocci
698 4055 727 4109 di
745 4055 843 4118 Reme,
860 4071 938 4111 eno·
993 4055 1061 4110 stini
1077 4055 1130 4109 PP.
1149 4055 1198 4121 ΙΙΙ,
1219 4053 1360 4110 senatoria
1376 4053 1514 4124 dignitate
1528 4056 1632 4125 potitus
1647 4065 1698 4111 cst.
1712 4055 1769 4112 Nee
1781 4061 1815 4112 dn

115 4127 232 4199 glianni
255 4129 284 4184 di
307 4126 487 4184 cristomille
511 4125 938 4196 danaaento,capitaiinilomain
992 4126 1049 4180 alin
1073 4127 1166 4181 lorsan
1189 4124 1375 4196 intelligenda
1398 4133 1462 4181 sunt
1484 4140 1517 4182 en
1542 4141 1604 4196 nom
1628 4125 1762 4197 leguntur
1784 4129 1814 4184 in

115 4215 180 4256 casa
192 4198 218 4254 a'
232 4199 301 4255 detti
321 4197 388 4254 miei
408 4198 527 4267 parenti,
550 4215 566 4254 e
584 4198 660 4269 quivi
675 4199 763 4254 trorai
779 4198 805 4254 le
819 4199 937 4269 soprad·
993 4196 1128 4252 coronica
1143 4195 1370 4253 altissiodorensi
1385 4197 1429 4268 (nd
1450 4213 1498 4253 nn.
1515 4197 1594 4268 lllll,
1611 4214 1674 4268 pag.
1689 4199 1735 4262 93,
1753 4201 1788 4270 το)
1805 4215 1812 4255 :

115 4272 190 4328 dette
217 4269 350 4326 iactitare
353 4309 408 4337 .....
412 4285 427 4324 e
449 4287 466 4324 a
489 4269 581 4326 Roma
604 4269 681 4326 stetti
704 4272 738 4325 da
771 4269 800 4324 dl
826 4271 881 4326 due
909 4270 939 4326 di
992 4290 1006 4318 «
1025 4269 1139 4324 Perhos
1155 4268 1214 4324 dies
1230 4271 1327 4324 Roma
1343 4268 1469 4338 quidam,
1494 4271 1611 4326 nomine
1631 4269 1812 4337 Benedictus,

115 4345 227 4412 Agosto,
239 4340 307 4397 enni
318 4339 398 4397 mille
413 4341 550 4413 dagcnto,
565 4341 595 4397 in
610 4341 697 4397 iinon
711 4341 739 4396 di
756 4341 854 4398 undici
868 4340 936 4397 d’A-
991 4339 1034 4394 air
1049 4340 1079 4395 in
1097 4343 1181 4396 rebus
1198 4340 1294 4396 sconii
1318 4339 1593 4409 experientissimus,
1618 4357 1684 4397 cum
1708 4342 1813 4398 rideret

116 4413 186 4484 prila
205 4414 276 4469 anni
299 4413 383 4480 (deest
405 4412 548 4484 nummus)
552 4452 607 4470 .....
634 4413 655 4468 ΙΙ
679 4411 815 4469 ritoroeta
838 4411 883 4469 cb'
909 4413 936 4469 io
991 4409 1095 4468 Urbem
1107 4410 1227 4481 rapinis,
1243 4419 1269 4467 ot
1285 4411 1377 4474 tortis,
1397 4419 1422 4466 et
1435 4413 1563 4467 caedibus
1579 4412 1753 4484 diversisque
1769 4415 1812 4469 in·

115 4487 176 4550 init,
205 4491 260 4541 etc.
291 4506 305 4534 a
335 4484 587 4568 istorUFlorentin,
616 4485 644 4540 di
673 4483 786 4540 Ricard.
815 4483 934 4541 Mraasa.
952 4477 1073 4566 Djuriis
1088 4483 1258 4564 expositam.
1276 4483 1367 4566 primo
1382 4481 1436 4538 sibi
1451 4497 1603 4567 paucorum
1618 4485 1729 4541 animos
1743 4501 1812 4568 con·

115 4556 259 4685 aliti.
272 4554 938 4698 ttlllattli·ltmllietttlt
992 4553 1650 4706 titillatalattatte‘ttttlltllt
1669 4565 1704 4684 ll
1723 4565 1812 4684 till?

117 4699 232 4756 tutoain
248 4698 435 4755 Lateranonsi
451 4697 565 4773 palatio,
581 4699 719 4768 quianon
745 4697 813 4753 tl88
839 4715 937 4756 sacra·
991 4699 1110 4754 lautores
1135 4697 1281 4754 rlislrictus
1311 4695 1384 4752 ultor
1410 4697 1540 4760 existere,
1570 4700 1682 4770 sibique
1709 4701 1810 4756 advor—

116 4779 241 4828 mentam
268 4770 432 4842 praestitisse
460 4771 606 4836 dicuntur,
634 4769 664 4826 in
689 4769 797 4840 charta,
823 4785 938 4840 qusme
990 4777 1085 4824 santes
1100 4769 1309 4838 comprimer03
1326 4769 1421 4838 sienne
1437 4770 1465 4824 in
1483 4768 1562 4826 bran
1587 4772 1726 4828 malorum
1751 4772 1810 4828 vio·

117 4843 233 4910 liegesto
247 4841 441 4911 manuscripto
468 4843 563 4900 Cenoi
587 4841 742 4898 Camerarii
765 4842 936 4914 descriptam
990 4839 1087 4896 lentiia
1116 4841 1299 4910 amoribusque
1325 4840 1514 4910 compressis,
1548 4842 1624 4899 iutra
1655 4843 1755 4900 Urbem
1783 4853 1810 4898 et

114 4913 251 4987 evulgavit
266 4913 445 4982 tiaratorius,
460 4914 554 4985 Antip.
570 4914 642 4979 mea,
658 4915 721 4983 aci,
736 4920 807 4970 tom.
832 4912 853 4970 l.
878 4913 935 4970 dis·
989 4914 1075 4978 circa,
1094 4913 1259 4968 tutaomnia
1274 4911 1362 4968 elficit
1377 4920 1403 4966 et
1417 4910 1561 4980 quieta...r
1580 4936 1594 4964 a
1621 4917 1653 4968 iit
1674 4930 1750 4978 mox,
1773 4915 1808 4968 ad

116 4997 175 5044 sert.
194 5001 234 5049 tv.
249 4987 305 5043 act.
327 4985 388 5041 tat.
989 5001 1040 5040 en.
1060 4983 1141 5048 -1193,
1160 5000 1220 5054 pag.
1236 4983 1271 5038 93
1288 4995 1322 5048 r0,
1340 4983 1541 5054 quodquidam
1562 4991 1659 5042 uolatu
1674 4985 1809 5053 dignissi-

147 5057 202 5130 (37)
218 5056 278 5114 ltin
290 5073 353 5128 quac
366 5056 423 5127 jnm
446 5055 644 5113 adnotavimus
667 5073 755 5127 supra
779 5056 815 5112 ad
831 5055 892 5128 §58
908 5062 935 5112 et
989 5071 1067 5111 mum
1087 5071 1093 5109 ε
1110 5077 1125 5105 «
1141 5055 1312 5110 Benedictus
1326 5055 1430 5122 Romae,
1445 5055 1513 5110 dum
1530 5071 1559 5111 se
1578 5055 1808 5124 magnificentius

113 5129 170 5195 l33,
186 5128 317 5202 quaedem
333 5129 488 5200 adjungere
504 5127 591 5186 lubet.
608 5133 648 5185 ac
663 5131 755 5199 primo
772 5127 818 5183 bic
830 5127 935 5184 reterre
987 5135 1093 5194 ageret,
1120 5125 1257 5182 invidiam
1284 5135 1381 5182 contra
1413 5141 1443 5181 se
1471 5127 1576 5182 excitat
1603 5129 1807 5192 Romanorum,

114 5202 192 5258 liceat
220 5209 316 5257 notam
343 5216 404 5270 que
438 5199 577 5270 reperitur
602 5201 630 5257 in
655 5199 821 5257 doctissimo
848 5215 935 5271 opere
988 5213 1141 5261 commuue
1158 5199 1278 5253 lectione
1294 5201 1322 5252 in
1338 5195 1476 5269 Capitolio
1489 5198 1634 5254 obsidetur
1648 5207 1674 5254 et
1684 5199 1807 5269 capitur,

116 5275 159 5330 oui
185 5271 285 5329 titulus
313 5271 364 5329 Uri
386 5273 542 5328 Primccero
564 5270 641 5327 della
655 5272 683 5328 S.
700 5271 761 5327 sede
784 5273 933 5343 apostolice
987 5279 1142 5340 captusque
1154 5271 1202 5324 dm
1220 5270 1248 5324 in
1265 5270 1392 5326 custodia
1407 5271 1559 5324 detinetur.
1576 5290 1590 5318 a

115 5345 245 5418 tippend.
262 5343 306 5399 do'
325 5344 501 5413 venementi,
527 5345 711 5400 instrument.
727 5345 773 5408 51,
789 5360 852 5413 pag.
869 5343 932 5413 306,
1021 5342 1062 5398 Art
1079 5343 1131 5398 ista
1146 5356 1221 5410 vcro,
1237 5341 1278 5396 tia
1291 5357 1343 5410 per
1362 5343 1523 5398 contentane
1544 5341 1686 5412 l'inquieto
1708 5342 1807 5413 populo

111 5427 166 5474 not.
181 5437 195 5466 a
209 5415 295 5472 Varie
311 5416 413 5472 turono
429 5416 454 5472 le
470 5414 615 5473 ribellinni
629 5413 673 5472 de'
688 5414 807 5471 Romani
833 5423 932 5472 contro
987 5413 1081 5469 istitai
1096 5411 1161 5470 nell'
1177 5429 1253 5468 anno
1270 5413 1339 5467 1208
1353 5414 1506 5483 cinnoente
1521 5413 1561 5467 sei
1574 5413 1697 5470 senatori
1711 5417 1807 5482 predi·

109 5489 149 5546 de'
164 5487 293 5561 pontilici
311 5485 372 5544 loro
398 5486 530 5556 legittimi
555 5485 679 5543 sorrani.
696 5485 741 5541 Ma
755 5485 783 5541 la
799 5485 845 5556 piu
862 5493 931 5542 stre·
985 5483 1068 5542 cende
1082 5486 1122 5556 gli
1134 5483 1199 5556 perd
1215 5485 1264 5540 cire
1278 5483 1384 5554 prande
1397 5491 1537 5540 sconoerto
1551 5483 1584 5540 de
1597 5486 1728 5542 snrrrtte
1745 5494 1806 5542 tor·

112 5563 195 5632 pilosa
213 5559 257 5616 lut
271 5557 368 5632 quella
382 5559 435 5616 ebe
445 5573 573 5615 arvenna
583 5555 651 5616 nell'
663 5555 763 5615 ultimo
773 5557 931 5614 aanod’ln·
985 5566 1050 5613 nato
1067 5557 1130 5612 alta
1144 5555 1243 5612 danila.
1260 5571 1335 5612 come
1348 5555 1379 5613 di
1390 5555 1456 5627 sntti
1470 5571 1600 5624 eumne,
1621 5558 1694 5615 ande
1708 5559 1805 5631 apeti-

112 5647 231 5690 ooaenzo
248 5631 283 5702 11,
297 5631 364 5694 nice
378 5630 426 5687 nel
443 5631 524 5698 1143,
547 5629 674 5687 allorcbd
689 5629 698 5686 i
715 5628 793 5699 lanii,
815 5630 860 5700 gie
884 5630 928 5692 in·
985 5627 1066 5685 aione
1081 5625 1245 5684 delicatesro
1260 5627 1366 5699 popolo,
1392 5627 1502 5697 bisogno
1525 5626 1665 5688 rimettcre
1690 5646 1729 5686 nn
1750 5627 1806 5687 solo

114 5702 207 5780 qnietl,
233 5718 249 5761 a
274 5699 364 5762 laronl
386 5702 416 5760 dl
439 5701 501 5761 loro
513 5701 623 5770 indole,
648 5699 742 5760 inletti
752 5700 849 5759 altresi
862 5697 928 5758 dell'
981 5707 1118 5772 senatore,
1133 5699 1390 5758 conterendaesunt
1402 5698 1479 5758 intra
1492 5706 1567 5760 uota
1580 5701 1616 5760 ad
1630 5703 1645 5778 ξ
1660 5701 1722 5760 tlt.
