3956 6056
153 281 202 338 avt
650 280 853 338 ruuocsuru
870 276 1367 339 urrr.uuansvonuuu1e.1.
1674 305 1678 323 ι
1802 272 1860 328 aaa

150 406 313 464 charitatis.
328 407 412 460 Nune
426 410 606 462 autemeam
621 423 656 463 eo
670 405 798 462 faciente
812 404 969 462 nobiscum
981 408 1012 474 Α
1025 423 1076 478 per·
1088 423 1203 477 repnam
1216 403 1318 462 sieilia
1333 403 1403 460 eitra
1420 403 1523 456 Puram
1537 399 1689 456 comtitatta
1705 400 1767 456 :ite
1780 401 1860 471 quod
1969 467 1970 470 Ἴ

155 497 273 570 signum
286 495 318 550 in
331 493 444 550 bouum
459 493 506 550 cui
525 495 603 551 renti
619 499 649 550 et
660 510 743 552 mare
756 492 909 562 obediunt,
925 510 980 550 na·
1032 496 1080 552 abt
1090 497 1206 567 panitur
1220 494 1252 551 in
1267 507 1392 563 regnum
1415 489 1521 548 Sicilia
1537 488 1676 546 duximus
1698 487 1860 546 destinau-

155 583 265 642 seentis
280 583 373 640 austri
397 583 557 640 clementia
581 583 715 642 cadentis
729 582 873 657 fugaverit
884 582 980 655 impe-
1032 584 1114 653 dum,
1126 589 1250 656 ponatur
1276 581 1406 655 legatam
1428 580 1460 636 in
1484 577 1615 635 Siciliam
1637 581 1668 635 ct
1690 579 1786 636 totam
1808 595 1858 636 re·

101 720 108 744 ,
156 678 220 730 tum
233 671 393 744 aqussonis,
410 676 441 728 et
452 673 610 744 preterita
626 671 805 729 turbationis
821 670 979 744 caliginem
1032 689 1123 748 gnum
1137 671 1276 730 duximus
1292 668 1512 729 destinandum.

149 763 226 818 aeris
240 777 294 833 per
309 761 361 818 Dei
374 761 500 834 gratiam
510 761 576 834 jam
598 778 633 817 ex
648 760 754 834 majori
769 763 853 832 parte
868 760 981 832 placati
1365 758 1523 816 mccxli.

152 851 273 908 claritas
288 849 523 919 serenaverit,ita
535 851 615 922 quod
630 866 754 924 regnam
770 848 877 908 Sicilia
892 865 979 924 repa·
1191 868 1239 908 aa.
1258 863 1447 908 amoenare
1470 860 1692 904 asseruerseoro.

150 945 248 997 ratum
263 939 294 996 in
306 943 415 996 statum
427 939 578 996 felicitatis
593 939 724 1010 antiqua
739 939 777 996 ad
792 939 978 996 devotionem
1126 943 1165 998 De
1175 940 1339 1012 pluralitate
1355 939 1543 1008 beneficiorum
1557 933 1756 1004 restringenda.

145 1015 285 1086 Ecclesia
300 1029 388 1101 plene
411 1028 544 1097 redierit,
561 1045 651 1100 aqua
675 1028 769 1084 visum
792 1029 890 1086 fuerat
904 1045 974 1101 per·
1227 1027 1386 1102 (Laterani,
1401 1025 1444 1081 ld.
1464 1023 1658 1093 Novembris),

149 1118 311 1176 secationis
324 1123 459 1189 tempore
485 1117 645 1176 recessisse
663 1133 669 1173 :
686 1117 868 1174 heneficium
890 1117 917 1174 ei
931 1134 979 1175 vo·
1066 1118 1236 1192 (181)(1ιιιιι,
1251 1116 1417 1176 secundum
1441 1114 1610 1172 doctrinam
1634 1111 1778 1185 Apostoli,
1794 1127 1858 1168 uon

145 1208 246 1264 lamus
260 1210 350 1280 gratas
374 1206 553 1263 visitationis
579 1204 754 1280 impendere
769 1223 804 1262 ac
829 1205 860 1262 iu
884 1206 978 1262 dilec-
1032 1208 1071 1263 sit
1085 1207 1265 1265 conveniens
1279 1211 1313 1264 ut
1335 1221 1413 1264 auus
1428 1204 1468 1261 sit
1490 1202 1591 1260 ebrius
1606 1207 1637 1260 et
1659 1201 1735 1260 alter
1747 1201 1861 1258 debeat
1969 1201 1970 1206 ’

151 1297 233 1358 tiene
255 1295 349 1368 ipsius
374 1295 629 1368 predecessorum
653 1298 823 1352 nostrorum
847 1294 977 1369 vestigiis
1032 1297 1155 1368 esurire,
1170 1296 1323 1370 necduxta
1337 1294 1474 1352 institute
1488 1291 1705 1360 canoniea,uni
1720 1306 1858 1363 personas

150 1385 313 1464 adhaerere.
327 1386 400 1440 Cum
415 1389 515 1441 autem
529 1383 628 1456 ipsam
640 1383 719 1440 inter
731 1384 885 1440 universas
895 1383 976 1440 orbis
1030 1392 1146 1444 tantum
1165 1387 1273 1445 debeat
1285 1382 1331 1444 'de
1357 1384 1524 1442 redditibus
1547 1382 1757 1442 ecelesiasticis
1781 1382 1860 1440 assi-

151 1473 317 1546 proviueias
332 1477 474 1544 nuquam
482 1471 621 1529 Ecclesia
635 1472 849 1544 patrimonium
864 1470 965 1544 specie
1029 1477 1112 1549 gnari
1129 1477 1209 1534 unde
1233 1475 1408 1550 scrupuloso
1432 1473 1522 1532 eorde
1536 1472 1588 1530 alii
1603 1477 1787 1540 moveantur,
1803 1471 1857 1543 qui

148 1563 218 1619 liter
242 1562 411 1636 diligamus,
432 1561 565 1618 volentes
590 1561 699 1616 mentis
720 1561 871 1628 affectum,
886 1576 975 1632 quem
1030 1565 1067 1622 ad
1083 1565 1311 1638 dispositionem
1334 1563 1486 1638 pontificis
1501 1567 1571 1620 sunt
1590 1577 1644 1634 pro
1660 1575 1859 1633 personarum

130 1676 131 1684 ι
148 1652 227 1708 circa
241 1652 339 1724 ipsum
349 1649 651 1724 gerimus,ostendere
666 1649 784 1721 plenius
800 1650 832 1706 iu
846 1664 976 1721 persona
1028 1655 1143 1710 meritis
1158 1653 1319 1722 dividendi,
1335 1669 1397 1710 nou
1418 1651 1583 1710 sufficimus
1606 1649 1748 1708 admirari
1762 1649 1858 1721 qaod,

149 1740 248 1813 legati,
264 1756 332 1796 eum
357 1740 428 1795 illuc
452 1739 488 1794 de
503 1739 629 1805 fratrum
653 1743 824 1794 110⁸lf01'11m
848 1736 973 1794 consilio
988 1769 1015 1838 Β
1030 1743 1107 1800 sieut
1125 1743 1236 1800 nostris
1250 1741 1373 1800 auribus
1388 1747 1434 1798 est
1447 1740 1586 1810 relatum,
1601 1739 1632 1796 in
1646 1737 1785 1796 Ecclesia
1801 1737 1858 1794 tibi

148 1921 267 1974 nostros
282 1915 403 1987 speciali
419 1914 562 1972 charitate
583 1915 734 1988 diligimus
750 1919 780 1970 et
793 1914 974 1973 benevoleu·
1029 1927 1059 1978 et
1086 1920 1259 1988 absurdum,
1274 1919 1405 1992 imperiti
1435 1917 1596 1992 magistris,
1615 1915 1683 1974 novi
1710 1915 1858 1988 antiquis,

144 2005 186 2062 tia
200 2004 345 2078 singulari
361 2005 426 2078 eJ'us
439 2004 625 2078 exigentibus
634 2003 973 2076 meritisamplexamur‚
1029 2010 1118 2067 rudes
1133 2009 1265 2068 emeritis
1288 2007 1497 2081 proferuntur.
1514 2005 1597 2064 Unde
1621 2007 1749 2062 loannes
1773 2003 1857 2062 illius

145 2095 221 2152 Saue
236 2110 305 2150 eum
319 2093 416 2150 adhuc
439 2094 469 2150 in
483 2109 575 2166 reguo
588 2093 652 2166 ipso
672 2094 872 2150 remanserint
886 2093 974 2150 vesti·
1028 2098 1181 2170 quondam
1195 2096 1312 2155 comitis
1335 2096 1448 2154 Aliam,
1466 2095 1540 2168 (182)
1562 2093 1701 2152 Ecclesia
1715 2097 1773 2150 tum
1789 2091 1857 2150 010.

141 2185 189 2258 gia
203 2183 340 2256 quasdam
355 2182 550 2239 dissensionis
564 2181 799 2254 antiqua,talem
814 2187 844 2238 et
859 2187 973 2238 tantam
1027 2187 1107 2245 neus
1122 2187 1190 2260 plus
1204 2187 1338 2259 potentia
1351 2185 1444 2258 patris
1460 2184 1505 2240 sai
1522 2199 1611 2256 qnam
1626 2181 1858 2256 predecessoris

139 2288 299 2344 personam
313 2272 404 2345 hujus
424 2271 582 2345 legationis
598 2270 696 2327 officio
722 2270 861 2328 duximus
875 2271 969 2343 depu·
1029 2279 1072 2334 tui
1087 2281 1251 2349 spontanea
1272 2274 1424 2332 voluntate
1445 2273 1525 2330 ultra
1538 2272 1640 2347 viginti
1660 2271 1808 2329 Ecclesiae
1825 2271 1858 2328 in
1969 2273 1970 2348 (

136 2360 341 2434 tandafflrluffl
356 2360 532 2418 ὃῦὓῑθΐῑῖὸῑθ
547 2359 852 2432 l’ft'flsslissfalrlwlleat
865 2360 972 2416 ι101181·
1028 2367 1144 2423 civitate
1159 2363 1343 2438 Neapolitan.
1358 2367 1388 2420 et
1402 2363 1433 2418 iu
1455 2361 1562 2436 majori
1585 2361 1716 2418 Ecclesia
1740 2359 1858 2416 benefl-
1969 2365 1970 2426 t

138 2455 198 2506 tate
214 2455 243 2506 et
267 2451 403 2523 inopere
431 2454 460 2506 et
484 2464 622 2504 sermone
638 2447 677 2504 sit
700 2453 807 2520 potens
831 2453 861 2504 et
879 2465 916 2504 ex
938 2463 972 2505 eo
1028 2457 1107 2513 cium
1122 2455 1285 2512 maximum
1299 2452 1475 2526 proponitur
1487 2451 1634 2508 obtinere.
1650 2449 1723 2505 Cum
1734 2464 1804 2522 ergo
1822 2449 1856 2506 in
1969 2451 1970 2454 ’

145 2539 361 2612 quodgratiam
377 2542 511 2594 nostram
534 2537 653 2609 plenius
668 2536 783 2592 obtinet
797 2541 973 2594 etnostrem
1026 2543 1140 2600 nullius
1167 2557 1295 2614 persona
1322 2539 1610 2613 pretermittendum
1647 2537 1688 2594 sit
1714 2536 1793 2609 quad
1820 2537 1855 2594 iu

140 2628 222 2682 novit
236 2627 344 2683 melius
360 2626 552 2695 voluntatem,
567 2625 679 2698 eosqui
694 2641 798 2698 pacem
812 2627 896 2699 regni
909 2632 973 2680 tur·
1027 2631 1145 2688 statuas
1168 2629 1357 2704 generalibus
1382 2629 1563 2696 continetur,
1583 2625 1763 2682 fraternitati
1792 2629 1853 2682 tnae

139 2717 210 2773 bare
233 2715 359 2773 forsitan
374 2715 540 2772 moliuntur
550 2714 675 2770 liberius
691 2713 893 2786 comprimere
902 2731 972 2786 pos·
1026 2720 1201 2777 auctoritate
1225 2718 1418 2791 presentium
1439 2715 1628 2789 indulgemus
1646 2719 1681 2770 ut
1700 2729 1761 2770 uon
1783 2713 1853 2776 obs.

146 2805 227 2873 sit,et
241 2804 413 2861 uuiversum
426 2819 553 2876 reguum
569 2803 599 2857 in
615 2802 799 2858 charissimas
812 2802 843 2857 in
857 2803 972 2860 Christo
1026 2813 1107 2866 tante
1121 2808 1330 2881 appellationis
1346 2805 1466 2879 diffugio
1482 2803 1720 2877 superfluitatem
1735 2800 1772 2859 ad
1784 2818 1854 2858 mo-

148 2893 217 2948 ssliae
241 2897 352 2948 nostru
376 2891 560 2947 Constauaiae
583 2891 781 2962 imperatricis
803 2891 912 2964 reginas
937 2908 972 2948 ac
1025 2898 1167 2955 derameu
1176 2896 1311 2965 reducas,
1326 2912 1388 2952 non
1402 2895 1471 2968 plus
1483 2895 1520 2950 de
1535 2891 1701 2950 redditibus
1713 2889 1854 2949 ecclesia·

143 2980 197 3036 filii
214 2980 279 3053 ejus
293 2978 444 3049 Friderici,
460 2979 568 3036 Siciliae
582 2979 659 3054 regis
674 2978 811 3048 illustris,
828 2979 971 3037 fidelitate
1026 2988 1108 3044 stieis
1123 2986 1230 3044 clerieo
1244 2984 1367 3058 prefato
1389 2970 1546 3040 dimittens
1556 2997 1645 3053 quam
1660 2979 1740 3053 apud
1754 2995 1852 3037 unum

141 3068 253 3142 pariter
266 3067 449 3140 &obsequio
474 3067 618 3135 stabilire,
639 3067 858 3124 contumatiam
872 3067 968 3140 depri·
1025 3076 1062 3133 de
1076 3076 1144 3148 plus
1167 3073 1345 3131 habentibus
1366 3073 1500 3130 noscitur
1520 3071 1671 3138 residere;
1696 3069 1764 3126 aliis
1782 3085 1854 3126 om·

140 3173 226 3212 mens
248 3155 444 3229 superborum
459 3161 489 3212 et
512 3155 589 3212 colia
608 3155 782 3212 sublimium
807 3157 967 3216 commissa
980 3131 1007 3199 0
1020 3165 1109 3222 nibus
1123 3162 1278 3220 beneflciis
1290 3161 1428 3234 personis
1443 3159 1561 3216 idoneis
1575 3157 1853 3230 conformataque

140 3246 196 3302 sibi
211 3250 357 3319 potestate
373 3244 564 3302 conculcans.
580 3245 788 3302 venerabilem
803 3245 967 3318 igiturfra-
1019 3269 1087 3310 oum
1111 3251 1218 3308 officiis
1242 3251 1349 3308 divinia
1373 3249 1546 3317 inserviant,
1568 3247 1703 3306 nondum
1728 3246 1850 3319 adepta

138 3339 214 3390 trem
237 3339 373 3390 nostrum
401 3333 595 3390 Octavianum
622 3333 754 3390 llostieu.
780 3334 964 3407 episcopum,
1021 3348 1092 3400 sunt
1109 3340 1258 3414 stipendia
1272 3339 1461 3398 elericorum.
1477 3338 1556 3395 Nulli
1571 3353 1639 3426 ergo
1656 3340 1712 3394 etc.
1726 3351 1855 3396 conces·
1969 3375 1970 3402 t

137 3422 314 3499 apostsedis
329 3422 568 3496 legatum,virum
580 3422 736 3495 providum
752 3427 781 3478 et
794 3423 965 3491 honestum,
1020 3431 1123 3501 sionis,
1138 3437 1193 3487 eto.

137 3514 188 3588 qui
203 3512 239 3569 ob
254 3513 381 3586 gratiam
387 3511 599 3568 familiaritatis
614 3510 819 3568 etdilectionis
834 3512 965 3585 antiquae
1056 3523 1161 3578 natum
1176 3517 1322 3588 Laterani,
1337 3516 1438 3574 Idibus
1453 3514 1639 3573 Novembris.

138 3621 172 3660 ac
187 3619 248 3660 sun
262 3601 417 3674 dignitatis
431 3601 542 3658 intuitu
552 3602 683 3673 primum
698 3601 778 3658 inter
793 3601 899 3658 fratres
914 3618 967 3658 uo·
1360 3641 1495 3698 ccccxv
1608 3636 1612 3644 ·

140 3696 218 3747 stros
233 3689 311 3762 apud
324 3706 380 3745 uos
394 3687 494 3745 locum
509 3690 620 3746 meruit
632 3689 777 3757 obtinere,
793 3690 825 3744 in
840 3705 966 3764 regnum
1499 3682 1506 3696 '

141 3779 247 3836 Siciliae
262 3779 401 3835 duximus
420 3777 632 3834 destinandum
648 3796 655 3833 :
672 3778 722 3850 qai
734 3779 822 3851 juxta
844 3778 965 3835 verbum

141 3867 348 3941 propheticum
363 3866 488 3938 dissipet
502 3872 532 3922 et
546 3866 654 3923 evellat
678 3883 744 3939 qum
759 3867 875 3924 noverit
888 3867 966 3923 evel·
1020 3855 1097 3922 Qvod
1112 3857 1302 3927 juramentum
1324 3850 1399 3904 ¹5⁰1!ss
1420 3848 1539 3903 ”imbus
1563 3851 1589 3902 θ(
1606 3845 1669 3918 juri
1683 3860 1845 3917 fetidam

139 3957 240 4026 leuda,
255 3962 285 4012 et
298 3955 426 4012 aedificet
439 3959 469 4010 et
491 3954 607 4027 plantet
622 3971 688 4027 qum
713 3957 881 4030 cognoverit
900 3972 965 4012 esse
1265 3937 1320 3976 '¹⁰⁷¹
1334 3922 1371 3977 δὴ
1389 3919 1596 3989 οωίῧαωήωη·
1648 4023 1654 4035 1

138 4045 319 4120 plantanda;
335 4061 386 4100 vos
401 4045 490 4100 etiam
506 4044 542 4100 de
560 4045 768 4101 benevolentia
782 4062 872 4116 quarn
888 4047 967 4104 circa
1166 4027 1323 4097 (Laterani,
1339 4043 1405 4084 ΠΗ)
1420 4023 1485 4082 Kal·
1500 4023 1646 4081 ”membr
1647 4023 1695 4096 18)·

138 4136 310 4211 pradictum
320 4133 453 4206 reginam
469 4139 499 4190 et
510 4133 607 4190 fllium
623 4133 688 4206 ejus
701 4150 803 4206 regem
817 4134 966 4191 illustrem
1055 4138 1130 4212 (188)
1140 4137 1184 4194 Ad
1194 4139 1327 4194 nostram
1337 4133 1454 4190 noveris
1471 4131 1656 4188 audientiam
1676 4129 1851 4202 pervenisse

137 4225 278 4300 gerimus,
304 4222 413 4279 efficiet
436 4222 590 4278 certiores.
621 4221 751 4295 Ideoque
780 4224 965 4282 universitati
1020 4227 1099 4300 quod
1114 4226 1302 4284 dudumate
1317 4223 1402 4296 quasi
1417 4237 1471 4294 per
1495 4219 1694 4276 extorsionem
1716 4216 1775 4274 tale
1790 4217 1850 4274 fuit

138 4321 242 4373 vestra
258 4318 417 4387 parapost.
443 4313 553 4385 scripta
578 4313 755 4368 mandamus
779 4318 810 4369 et
831 4313 964 4371 districte
1019 4317 1184 4390 prstitum
1191 4307 1613 4387 juramentumquodinomni
1622 4322 1712 4364 causa
1721 4306 1848 4364 deberes

136 4405 326 4480 praecipimus
354 4407 501 4474 quatenus
528 4401 707 4474 preadictum
730 4401 860 4475 legatum
889 4404 966 4460 sieut
1020 4405 1157 4464 ordinem
1173 4403 1367 4478 judiciarium
1393 4399 1561 4456 ohservare.
1577 4397 1686 4454 Verum
1703 4397 1850 4468 quoniam

135 4508 294 4570 personam
309 4491 515 4560 nostram,imo
527 4490 672 4563 nosipsos
687 4491 718 4545 in
734 4507 768 4546 eo
784 4491 962 4564 recipientes
977 4499 1004 4566 1]
1021 4493 1184 4552 seeundum
1193 4491 1368 4548 traditiones
1376 4487 1535 4545 canonicas
1555 4486 1849 4544 manifestaaccusa-

136 4583 291 4641 humiliter
300 4585 330 4636 et
339 4579 442 4636 devote
453 4583 492 4649 et,
505 4580 581 4636 siout
591 4579 738 4636 condecet
747 4597 797 4636 vos
813 4585 843 4637 et
854 4580 962 4654 ipsum,
1018 4586 1099 4642 tiorm
1113 4599 1174 4640 non
1193 4581 1328 4654 indigent
1346 4595 1401 4636 nec
1421 4579 1452 4634 in
1468 4577 1512 4634 eis
1524 4580 1570 4634 est
1581 4575 1653 4632 ordo
1665 4574 1849 4648 judiciarius

138 4670 304 4730 honorifice
318 4672 617 4741 pertractantes,qaae
632 4669 775 4725 intervos
790 4669 965 4740 corrigenda
1019 4671 1230 4740 observandus,
1246 4670 1298 4743 qui
1316 4667 1404 4724 debet
1427 4668 1457 4723 iu
1477 4665 1544 4723 aliis
1569 4663 1731 4732 observari,
1745 4678 1848 4735 neque

136 4761 254 4819 duxerit
264 4775 316 4814 sea
326 4758 416 4814 etiam
426 4758 583 4814 statuenda
603 4758 756 4830 recipiatis
767 4757 922 4815 humiliter
936 4763 965 4814 et
1018 4769 1062 4831 tu,
1077 4761 1195 4834 quando
1211 4758 1266 4816 sub
1281 4757 1435 4830 praemisso
1454 4761 1558 4812 tenore
1577 4753 1697 4828 jurasti,
1711 4750 1847 4810 habebas

139 4846 536 4914 inviolabiliterobservetis3
549 4846 963 4919 itaqaodnos,quihouorem
1018 4853 1049 4910 in
1064 4855 1164 4908 mente
1178 4853 1212 4906 ut
1236 4853 1394 4920 propterea
1416 4845 1532 4902 venires
1556 4847 1660 4901 contra
1682 4840 1847 4900 emoriens

134 4947 200 5020 ejus
215 4938 371 5016 proprium
386 4943 569 5010 reputamus,
584 4937 666 4994 vohis
681 4942 803 5010 propter
815 4953 883 4996 eum
898 4955 962 4994 res·
1017 4940 1197 5007 sanctiones,
1212 4936 1346 5009 alioquin
1360 4951 1421 4990 uon
1438 4933 1655 5007 jurameutum,
1673 4929 1725 4987 sed
1740 4930 1847 5002 perju-

132 5034 264 5110 pondere
279 5027 390 5103 gratius
406 5026 490 5099 quasi
506 5041 542 5082 ex
556 5025 655 5083 debito
669 5031 844 5084 teneamur:
857 5028 952 5084 scitur
1015 5031 1092 5088 num
1109 5029 1207 5102 potius
1222 5025 1384 5084 exstitisset
1406 5039 1462 5080 nee
1476 5021 1577 5094 aliqua
1591 5020 1706 5076 ratione
1722 5034 1847 5077 servan·

132 5122 211 5198 quod
227 5117 406 5178 sententiam
422 5130 511 5188 quam
525 5115 556 5172 in
572 5121 763 5174 contumaces
788 5115 892 5172 tulerit
907 5133 959 5174 ra·
1015 5120 1104 5177 dum:
1117 5110 1640 5190 Nosjuramentumtuumbeuiguius
1652 5108 1846 5181 interpretari

128 5221 190 5271 tarn
204 5207 382 5268 habebimus
397 5210 426 5261 et
451 5204 606 5275 faciemus,
622 5209 743 5262 auctore
759 5205 897 5273 Domino,
913 5205 960 5260 iu·
1014 5209 1157 5278 volentes,
1180 5207 1222 5264 ita
1245 5203 1335 5276 quod'
1349 5205 1494 5260 consonet
1517 5199 1669 5258 mnouieis
1685 5197 1846 5268 institutis,

130 5300 309 5360 violabiliter
323 5295 481 5352 observari.
1011 5297 1193 5354 fraternitati
1207 5300 1265 5352 ture
1275 5293 1452 5352 auctoritate
1461 5289 1655 5364 presentium
1669 5287 1849 5344 intimamus

1179 3758 1226 3798 AN.
1246 3755 1435 3798 marculiano
1459 3751 1682 3795 aaaatsuiscoro.

169 5393 199 5446 fo
224 5388 345 5445 eumdem
367 5383 478 5440 modum
502 5384 722 5454 archiepiscopis,
745 5385 887 5454 episcopis,
908 5384 956 5440 ab·
1012 5387 1092 5460 qaod
1107 5387 1139 5444 in
1153 5383 1320 5443 manifestis
1339 5386 1369 5438 et
1389 5380 1514 5437 notoriis
1534 5379 1650 5437 ratione
1673 5375 1847 5449 juramenti

134 5479 251 5546 batibus,
264 5476 404 5547 prior-iias
423 5479 449 5530 ct
469 5474 602 5528 aniamis
626 5472 809 5528 tacunarum
830 5473 956 5543 pretatis
1011 5475 1158 5550 premissi
1173 5491 1234 5533 non
1249 5471 1399 5530 credimus
1414 5474 1442 5527 tc
1453 5463 1840 5526 teneriservarcsubtilita-

168 5619 241 5694 (181)
256 5617 326 5688 Gap.
341 5615 408 5674 dam
421 5615 567 5672 secandum
582 5615 745 5682 doctrinam,
760 5615 799 5670 lle
814 5613 953 5672 Praebeu·
1057 5619 1118 5690 182)
1133 5617 1167 5672 ln
1183 5615 1270 5672 tertia
1284 5609 1405 5670 Collect.
1422 5611 1584 5666 avernensis
1598 5605 1750 5664 comtum

134 5693 190 5762 dis,
205 5691 237 5746 5¹1
253 5687 339 5744 tertia
353 5685 473 5741 0⁰1100t·
1056 5691 1115 5764 188)
1131 5691 1202 5761 Cap.
1218 5686 1263 5743 Ad
1276 5689 1406 5753 nostram,
1422 5683 1462 5738 lle
1473 5681 1601 5756 jureJur.
