3952 6062
211 239 264 293 575
700 227 902 290 Innocuam
919 223 958 282 111
977 225 1033 281 PP.
1053 221 1289 282 scansionum
1308 219 1375 276 tta.
1395 217 1430 274 ll.
1848 227 1888 280 bib

211 361 443 434 fuit,seeundum
454 359 609 433 apostolici
622 359 754 418 mandati
767 363 901 416 tenorem
912 368 1031 410 excom·
1045 365 1076 433 Α
1090 366 1154 417 rem
1160 349 1344 408 cardinalem
1350 345 1820 421 quondamRothomageudecauo
1826 366 1889 410 ean-

212 451 423 512 manicationis
436 449 584 506 sententia
595 447 791 522 promulgata.
804 445 859 504 Sed
871 445 907 503 ob
921 445 977 500 hoc
987 443 1032 500 iu·
1088 440 1157 497 dem
1171 441 1243 497 lecit
1257 455 1378 498 causam
1392 437 1537 495 committi
1552 455 1559 505 ;
1575 437 1689 509 suitqpe
1705 436 1735 494 in
1754 439 1814 511 ejus
1827 459 1887 513 pre·

212 546 310 598 trusus
326 544 356 595 et
364 539 500 596 monachi
512 537 868 596 nondimiseruntdivina
877 533 975 592 olllcia
985 547 1034 588 ce·
1090 531 1185 588 sentia
1196 529 1412 588 etvenerabilis
1423 527 1524 586 fratris
1536 528 1628 584 nostri
1640 528 1839 604 liotbomagen
1848 549 1886 588 ar·

186 627 193 636 '
209 631 326 686 labrare
338 650 346 698 3
362 629 413 701 qui
425 628 592 700 etiam,ipso
601 628 716 683 intruso
726 623 972 694 defunct0,alium
985 637 1036 676 ex·
1089 620 1269 692 chiepiscopi
1281 620 1378 691 prima
1391 617 1568 690 compositio
1584 617 1731 686 innovata,
1740 618 1786 673 ubi
1801 621 1886 690 praia-

210 719 464 776 communicatum
472 717 579 790 eligere
587 712 932 789 prasumpserunt,sieut
941 727 976 766 ex
986 709 1035 764 de·
1087 715 1136 766 tus
1149 709 1176 764 S.
1190 708 1339 766 abbatiam
1349 707 1446 764 denuo
1458 705 1605 779 abjuravit
1620 711 1650 761 et
1666 705 1743 778 quod
1762 711 1884 781 composi·

209 808 373 881 legatorum
388 806 497 862 litteris
513 805 707 878 perpenditur
722 803 885 860 evidenter.
903 800 1035 870 Cumque
1089 798 1199 854 tionem
1209 797 1306 870 ipsam
1317 797 1456 876 deinceps
1465 795 1888 870 observaretcorporaliterprae·

209 913 264 954 nec
277 897 319 952 sic
329 900 452 968 possent
462 893 499 950 ad
510 895 625 968 irugem
636 893 770 949 melioris
780 891 845 946 vitae
857 887 971 956 reduci,
979 903 1034 942 sas·
1089 888 1164 944 stitit
1176 888 1393 960 juramentum,
1405 886 1482 941 sicnt
1491 885 1523 940 in
1533 885 1626 958 ipsius
1637 885 1838 960 Rothomageu.
1848 904 1887 943 ar·

207 986 342 1060 pedietus
353 985 442 1040 Siter
453 984 580 1057 arripuit
589 981 625 1038 ad
636 981 738 1038 sedem
748 979 943 1053 apostolicam
953 975 1034 1030 veni·
1088 976 1269 1050 chiepisoopi
1286 975 1392 1032 litteris
1408 975 1577 1032 continetur
1592 979 1621 1030 et
1633 973 1734 1030 multis
1748 981 1838 1048 posset
1850 983 1884 1031 te·

208 1074 347 1131 endi.Sed
357 1072 573 1148 praevenientes
584 1088 652 1128 eum
663 1070 759 1126 nuntii
769 1063 1035 1132 monachorum,de
1089 1066 1182 1122 stibus
1197 1065 1365 1140 approbari.
1382 1066 1513 1121 Fuerunt
1537 1069 1638 1120 autem
1664 1064 1720 1120 ista
1741 1081 1831 1120 coram
1843 1068 1885 1121 Ro·

208 1163 427 1220 benedictionis
438 1179 561 1218 munere
573 1161 617 1216 illi
638 1176 727 1232 quem
748 1158 899 1232 elegerant
918 1155 1034 1226 impeu·
1087 1155 1257 1229 tbomagen.
1280 1154 1359 1212 facta
1382 1171 1417 1210 ea
1439 1153 1589 1227 praecipue
1612 1153 1740 1222 ratione,
1767 1154 1885 1225 quonian

208 1252 305 1309 dendo
324 1251 530 1309 fraudulenter
546 1250 661 1306 litteras
681 1249 889 1320 impetrarunt,
905 1259 979 1316 quas
997 1240 1034 1298 ad
1086 1244 1234 1317 prioratus
1250 1261 1339 1318 quem
1350 1243 1414 1316 ipse
1429 1242 1457 1300 S.
1472 1243 1575 1300 debuit
1590 1241 1734 1312 obtinere,
1750 1243 1779 1299 in
1793 1245 1884 1299 Retho-

207 1346 306 1414 partes
327 1359 395 1398 suas
409 1340 557 1398 miserunt
567 1337 758 1394 festinantius
778 1351 868 1407 quam
879 1332 1033 1389 deberent.
1088 1349 1204 1406 magen.
1223 1338 1287 1390 erat
1308 1330 1427 1388 dioecesi
1442 1331 1621 1387 constitutus
1634 1348 1641 1400 ;
1656 1348 1744 1403 quem
1766 1348 1826 1387 curn
1845 1349 1886 1403 per

206 1429 436 1502 Petebatitaque
447 1429 544 1484 dictus
554 1426 747 1483 S.monacbos
758 1421 904 1496 ipsos,qui
915 1420 1033 1477 cuidam
1086 1420 1242 1477 biennium
1257 1421 1406 1488 detinens,
1423 1419 1582 1476 inhoneste
1595 1419 1719 1476 virendo
1735 1420 1791 1476 lere
1804 1421 1885 1476 omnia

208 1519 461 1592 praedecessorum
473 1534 595 1574 suorum
606 1521 760 1588 amputare
780 1512 912 1586 linguam
923 1514 952 1564 et
964 1525 1033 1563 ocu·
1087 1509 1373 1584 consumpsisset,ad
1383 1509 1443 1566 alia
1452 1509 1712 1566 bonomonasterii
1727 1526 1757 1566 se
1766 1509 1886 1564 violenter

208 1614 254 1669 los
265 1626 368 1667 eruere
386 1610 650 1681 praesumpserunt,
668 1603 699 1658 in
719 1601 811 1658 aliurn
832 1599 985 1656 sedentem
996 1593 1033 1650 ad
1087 1599 1228 1655 extendit.
1244 1601 1280 1654 Et
1294 1597 1415 1655 tandem
1440 1596 1476 1654 ad
1492 1599 1683 1670 praesentiam
1710 1603 1833 1654 nostram
1851 1615 1886 1654 ap.
1934 1619 1935 1622 ¹

209 1713 420 1758 mensamcum
431 1695 538 1770 gladiis
549 1687 1031 1763 salustibusimpetumtaeientes,
1046 1735 1072 1802 B
1087 1687 1196 1744 cedens
1212 1693 1241 1744 et
1265 1688 1402 1760 quadam
1417 1687 1453 1743 de
1478 1687 1641 1760 praemissis
1658 1689 1828 1762 exprimens,
1840 1687 1884 1744 alia
1934 1670 1935 1680 ἵ

207 1791 300 1848 alium
316 1787 412 1842 solum
427 1784 459 1840 in
475 1782 601 1840 ecelesia
616 1781 800 1837 dimittentes
815 1777 937 1834 missam
952 1772 1031 1829 cele·
1086 1793 1154 1832 vero
1167 1776 1306 1847 reticens,
1322 1776 1359 1833 ad
1374 1776 1512 1850 praelatos
1525 1777 1680 1833 Lexovien.
1697 1776 1853 1850 episcopum
1864 1783 1884 1832 et

207 1879 293 1936 lirare
309 1869 715 1949 paratum,animadversione
726 1866 872 1941 condigna
886 1863 985 1938 puniri
1002 1865 1032 1918 et
1087 1866 1226 1924 abbatem
1237 1867 1465 1924 VallisRicherii
1479 1873 1597 1923 nostras
1616 1867 1730 1922 litteras
1742 1867 1883 1940 reportarit,

207 1965 428 2042 possessionem
442 1960 567 2016 abbatiae
579 1959 712 2032 plenarie
728 1957 785 2012 sibi
800 1953 1032 2022 restitui,sicuta
1085 1961 1119 2011 ut
1129 1955 1287 2030 diligenter
1301 1956 1488 2029 inquirerent
1497 1955 1533 2012 de
1549 1957 1690 2012 omuibus
1710 1955 1850 2012 veritatem
1862 1961 1882 2010 et

207 2067 286 2122 dicto
312 2061 531 2136 praedecessore
556 2064 657 2116 nostro
678 2061 822 2114 statutum
845 2054 953 2122 fuerat,
971 2056 1032 2110 eta
1087 2049 1251 2102 statuerent
1264 2045 1343 2118 quod
1352 2045 1470 2118 justitia
1483 2043 1720 2118 postularetlpsi
1735 2061 1798 2100 vero
1812 2043 1884 2117 parti·

206 2152 350 2226 delegatis
361 2154 465 2223 postea
476 2147 628 2221 judicibus
644 2133 812 2202 ordinatum
827 2161 833 2199 :
849 2139 1032 2212 intrus0,qui
1086 2133 1142 2190 bus
1154 2133 1191 2189 ad
1206 2152 1238 2191 se
1254 2134 1504 2206 citatis,quamvis
1520 2133 1678 2207 episcopus
1692 2152 1745 2207 pro
1760 2149 1883 2190 memora·

206 2248 273 2316 post
287 2242 378 2298 latam
391 2239 422 2294 in
437 2255 505 2294 eum
520 2237 701 2294 sententiam
715 2231 1031 2291 excommunicationis
1086 2223 1125 2280 tis
1141 2240 1245 2280 causas
1262 2231 1291 2280 et
1305 2225 1447 2296 quoniam
1462 2226 1495 2281 R.
1507 2223 1606 2280 abbati
1622 2223 1775 2298 respondit
1788 2221 1883 2296 quodsi

206 2335 377 2402 assumptus
400 2328 507 2395 suerat,
523 2342 577 2399 per
592 2324 746 2381 silentium
768 2325 944 2395 perpetuum
959 2335 1031 2374 con·
1086 2317 1187 2386 posset
1201 2312 1257 2370 sibi
1273 2318 1405 2382 noceret,
1419 2317 1498 2370 esset
1518 2312 1603 2369 alteri
1617 2314 1696 2386 parti
1714 2318 1853 2386 suspectus
1865 2315 1885 2362 et

205 2420 355 2476 damnato.
381 2418 525 2473 Caeterum
541 2431 594 2488 pro
609 2413 690 2469 vobis
713 2413 754 2468 ita
765 2411 822 2466 luit
845 2408 1031 2482 propositum
1086 2402 1122 2460 ab
1139 2419 1173 2458 eo
1189 2403 1280 2460 luerit
1296 2409 1450 2460 recusatus
1465 2403 1612 2476 velletque
1627 2421 1728 2460 coram
1743 2401 1883 2476 conjudice,

204 2527 240 2566 ex
260 2507 393 2576 adverso,
421 2503 500 2578 quod
525 2520 593 2560 cum
619 2500 761 2576 praelatus
775 2500 797 2556 l.
814 2496 976 2556 cardinalis
999 2497 1030 2552 in
1087 2493 1137 2563 qui
1152 2497 1307 2565 suspectus
1322 2509 1383 2548 non
1399 2497 1473 2562 erat,
1488 2493 1534 2549 rel
1550 2509 1652 2549 coram
1673 2493 1789 2550 arbitris
1803 2491 1884 2548 electis

204 2597 338 2672 partibus
346 2596 407 2652 illis
418 2592 574 2668 legationis
585 2589 864 2662 ciliciolungeretur
874 2593 1031 2643 etcausam
1085 2581 1251 2654 apartibus
1267 2582 1297 2639 id
1312 2582 1458 2654 probare,
1475 2581 1553 2639 dicto
1579 2581 1686 2639 abbate
1702 2581 1789 2640 Vallis
1802 2579 1885 2636 bicbe-

202 2689 296 2760 ipsam
311 2703 401 2759 super
417 2681 631 2755 dilapidatione
647 2681 740 2753 ipsius
755 2679 782 2734 S.
796 2684 826 2734 et
841 2677 1031 2733 incontinen·
1085 2680 1123 2734 rii
1138 2678 1294 2736 admittere
1310 2679 1367 2736 boc
1391 2679 1523 2748 nolente,
1539 2684 1608 2736 ante
1633 2680 1796 2755 ingressum
1809 2693 1884 2736 causa

199 2777 241 2833 tia
252 2777 364 2849 pariter
376 2773 508 2848 praelatis
524 2771 623 2828 abbati
637 2772 834 2826 l’roarnenet
848 2765 940 2840 priori
953 2767 1029 2821 San·
1085 2767 1142 2824 luit
1164 2767 1201 2824 ab
1223 2768 1283 2824 illis
1299 2768 1415 2825 duobus
1438 2769 1628 2841 postmodum
1645 2769 1828 2843 appellatum,
1841 2765 1883 2838 ipsi

203 2871 256 2921 ctae
273 2865 408 2920 Barbaros
417 2855 900 2929 commiseritterminandam,ipsi
914 2854 1031 2928 cognita
1086 2857 1281 2914 nihilomiuus
1296 2858 1436 2916 eumdem
1458 2859 1486 2914 S.
1503 2859 1723 2916 restituendum
1746 2856 1883 2915 sentenb'a·

202 2954 325 3009 veritate
342 2957 371 3006 et
392 2951 497 3006 ordine
509 2947 588 3020 juris
612 2965 666 3019 per
687 2948 787 3004 omnia
815 2946 981 3012 observato,
998 2943 1029 2998 in
1086 2946 1154 3003 liter
1176 2945 1379 3016 decreverunt,
1395 2948 1563 3004 adversario
1592 2947 1659 3020 ejus
1681 2963 1768 3022 super
1786 2943 1884 3002 abbatia

203 3059 272 3097 eum
294 3039 491 3113 depositionis
517 3037 697 3094 sententiam
718 3034 918 3108 protulerunt,
935 3048 1031 3104 quma
1086 3042 1263 3109 perpetuum
1279 3035 1431 3092 silentium
1446 3037 1646 3108 imponentes.
1663 3038 1734 3095 Cum
1745 3036 1884 3109 igiturque

203 3131 283 3187 dicto
301 3128 518 3202 praedecessore
533 3131 635 3182 nostro
648 3124 705 3180 tuit
725 3130 829 3198 postea
843 3123 1029 3180 confirmata.
1045 3094 1071 3162 G
1085 3125 1241 3198 praemissa
1257 3129 1327 3181 sunt
1341 3131 1370 3180 et
1381 3125 1441 3182 alia
1455 3125 1591 3197 quasdam
1604 3123 1883 3198 praedictuseardina·

204 3223 269 3291 lpse
284 3223 383 3276 autem
408 3218 437 3273 S.
454 3216 552 3272 eidem
577 3213 789 3288 predecessori
813 3218 928 3278 nostro,
951 3211 1031 3283 quod
1084 3213 1122 3270 lis
1137 3214 1224 3270 nobis
1238 3217 1268 3270 et
1293 3213 1433 3270 iratribus
1458 3215 1569 3270 nostris
1583 3215 1747 3287 prudenter
1769 3209 1881 3270 etfideli·
1932 3269 1933 3284 ,

202 3309 322 3366 abbatia
343 3307 409 3379 ipsa
432 3306 542 3379 injuste
569 3303 714 3376 spoliatus
736 3301 837 3370 fuerit,
863 3299 1030 3366 intimarit;
1083 3306 1129 3358 ter
1143 3301 1305 3370 retulisset,
1322 3301 1404 3374 (quia
1429 3303 1584 3360 coonstitit
1598 3303 1688 3360 uobis
1714 3319 1766 3376 per
1791 3302 1883 3357 litteras

202 3398 325 3472 prealato
335 3396 478 3453 cardinali
496 3395 585 3450 etiam
596 3396 749 3450 asserente
763 3407 823 3447 non
833 3390 1030 3446 fuisseinten-
1079 3390 1217 3464 judicum
1240 3391 1453 3463 praedictorum
1482 3391 1614 3464 episcopi
1639 3399 1671 3449 et
1701 3390 1880 3450 archidiacon.

200 3487 291 3544 tionis
303 3501 363 3542 suae
381 3483 460 3558 quod
476 3484 513 3540 ad
529 3483 747 3555 depositionem
762 3479 877 3536 abbatis
892 3480 1033 3552 procede·
1083 3478 1251 3548 Ebroicen„
1275 3479 1384 3551 quibus
1408 3497 1498 3554 super
1519 3482 1709 3538 restitutione
1728 3481 1815 3554 ipsius
1828 3478 1850 3532 S.
1870 3491 1882 3528 a

208 3579 275 3632 rent
294 3573 412 3647 judices
435 3571 563 3646 delegati
580 3589 587 3626 t
602 3570 736 3644 quemvis
762 3574 791 3624 et
804 3568 861 3624 hoc
886 3573 965 3624 esset
989 3567 1032 3622 eis
1082 3578 1161 3634 dicto
1174 3578 1391 3650 predecessore
1407 3584 1509 3636 nostro
1523 3578 1622 3636 fuerat
1635 3597 1727 3638 causa
1738 3576 1881 3638 commissa.

199 3665 404 3731 commissum,
421 3664 498 3718 sieut
510 3662 540 3717 in
556 3659 731 3717 eorumdem
745 3657 854 3714 lltteris
869 3657 1027 3730 reperitur.
1082 3668 1119 3726 de
1129 3669 1285 3740 utriusque
1295 3670 1525 3740 paiiifflgemu
1541 3671 1786 3742 compoijiionem
1799 3664 1845 3722 ,uh
1855 3679 1880 3718 ω

199 3753 281 3810 Unde
298 3750 476 3823 sepedictus
493 3748 696 3823 predecessor
710 3753 814 3804 noster
829 3763 897 3802 eum
911 3763 971 3802 non
983 3763 1030 3801 re·
1083 3761 1186 3813 tenore
1199 3756 1308 3814 iactam
1330 3757 1422 3814 fuisse
1447 3757 1528 3829 quod
1549 3759 1699 3831 prioratus
1723 3755 1813 3816 Sancti
1835 3753 1882 3808 Ste-

200 3840 400 3896 stituitaltera
410 3845 494 3911 parte
503 3839 636 3906 absente,
650 3837 702 3894 sed
713 3837 932 3892 restituendum
944 3851 1029 3892 man·
1082 3845 1174 3917 phani
1189 3859 1257 3902 cum
1272 3845 1413 3902 omnihus
1428 3846 1619 3918 pertinentiis
1634 3847 1697 3903 suis
1712 3851 1741 3903 ei
1753 3845 1809 3902 alis
1820 3855 1882 3912 qua·

202 3937 283 3992 davit
297 3937 435 4010 episcopo
461 3940 491 3990 et
505 3935 716 3990 archidiacono
742 3933 938 4000 memoratis3
960 3933 1032 4004 quia
1083 3931 1151 3990 dam
1167 3933 1224 3990 sibi
1249 3950 1392 3992 concessa
1413 3934 1545 4002 fuerunt,
1571 3935 1643 3992 dum
1668 3936 1783 4002 vireret,
1806 3926 1881 4004 possi·

200 4027 323 4083 taciturn
339 4025 495 4080 eisfuerat
514 4022 594 4094 quod
610 4021 751 4095 praelatus
766 4021 927 4078 cardinalis
943 4021 1030 4078 dietis
1082 4021 1190 4092 denda,
1207 4027 1235 4077 et
1250 4022 1313 4094 ipse
1329 4023 1413 4080 alite
1436 4028 1600 4096 spontanea
1621 4025 1770 4082 voluntate
1783 4015 1884 4078 recessit
1933 4047 1934 4100 q

199 4115 298 4172 abbati
313 4119 343 4170 et
358 4112 451 4186 priori
464 4111 632 4184 deponendi
645 4111 735 4167 etiam
747 4112 929 4167 concesserit
939 4110 1030 4167 lacul-
1082 4115 1111 4166 et
1121 4111 1322 4168 iustrumenta
1337 4129 1401 4180 sua,
1415 4112 1509 4168 fracto
1525 4113 1622 4186 sigillo
1637 4131 1698 4187 quo
1712 4129 1781 4170 usus
1794 4109 1880 4167 luent

198 4207 301 4260 tatem.
318 4201 568 4258 Convenientibus
583 4199 672 4274 igitur
695 4200 830 4272 partibus
854 4198 890 4256 ad
905 4199 985 4256 diem
1001 4194 1031 4256 et
1081 4201 1113 4256 in
1129 4201 1268 4258 manibus
1279 4200 1453 4258 eorumdem
1459 4201 1598 4274 judicum
1609 4201 1776 4277 resignarit
1788 4191 1881 4268 etquod
1933 4167 1934 4198 ¹

199 4294 298 4350 locum
310 4291 367 4348 sibi
378 4289 547 4364 adelegatis
561 4289 640 4346 sedis
651 4289 821 4360 apostolica
833 4289 1029 4362 assignatum,
1081 4288 1230 4346 abbatiam
1237 4283 1883 4362 abjuraveritmemoratam,exlitterisjamdic·

199 4383 296 4438 dictus
309 4382 336 4436 S.
354 4381 385 4435 in
405 4395 496 4436 manu
512 4378 642 4451 episcopi
659 4377 737 4450 quod
755 4378 820 4448 ejus
837 4394 927 4449 super
939 4395 1030 4434 causa
1082 4379 1329 4452 tiliotbomageu.
1341 4373 1880 4453 archiepiscopiperpendimuserideo·

199 4472 264 4544 ipsa
287 4475 380 4526 staret
394 4467 516 4525 arbitrio
533 4467 590 4524 tide
605 4466 674 4523 data
698 4467 845 4533 llrmavit;
863 4467 913 4538 qui
929 4473 1028 4540 partes
1046 4459 1158 4538 Dter):
1172 4467 1310 4524 nolentes
1320 4481 1374 4540 per
1386 4483 1452 4536 nos,
1462 4468 1513 4539 qui
1523 4469 1664 4540 punimus
1673 4467 1807 4542 perJuria,
1821 4463 1881 4516 viam

199 4561 291 4631 ipsas,
307 4563 340 4613 ut
349 4558 386 4613 ad
398 4574 433 4613 ea
443 4574 509 4628 quta
520 4557 601 4628 pacis
615 4561 685 4612 sunt
700 4555 893 4612 intenderent
910 4557 1028 4613 monuit
1081 4573 1135 4628 per
1145 4557 1235 4628 juriis
1245 4557 1410 4628 aperi,cum
1421 4563 1451 4614 et
1461 4557 1524 4630 ipse
1536 4559 1707 4630 recipiendo
1717 4550 1883 4627 compositio·

198 4647 370 4720 diligenter:
387 4647 465 4702 inter
481 4661 555 4716 quas
571 4643 638 4699 talis
654 4644 829 4716 compositio
846 4645 1025 4714 intercessit,
1081 4661 1150 4702 nem
1159 4645 1331 4718 hujusmodi
1341 4646 1555 4702 renuntiaverit
1563 4640 1880 4710 abbatimoommuoiea·

197 4742 231 4792 ut
246 4735 343 4791 dietus
357 4735 385 4790 S.
403 4735 434 4789 in
449 4739 627 4806 perpetuum
647 4733 767 4790 cederet
782 4732 920 4802 abbatiae,
935 4750 1025 4806 quam
1081 4733 1244 4792 tolratrum
1256 4735 1796 4809 nostrorumconsilioabimpetitione
1806 4727 1881 4801 ipsius

198 4825 366 4882 cessionem
389 4827 485 4878 ratam
510 4821 636 4894 delegati
656 4821 774 4892 judices
795 4822 980 4892 babuerunt3
998 4829 1027 4880 et
1080 4825 1108 4880 S.
1125 4841 1175 4880 vos
1190 4830 1220 4880 et
1244 4825 1458 4881 monasterium
1481 4829 1612 4882 vestrum
1633 4825 1815 4885 absolvimus,
1828 4831 1882 4889 pet·

199 4923 278 4980 idem
294 4923 333 4988 S.,
351 4921 429 4978 sicut
442 4919 472 4975 in
497 4918 700 4991 delegatorum
715 4919 824 4975 litteris
844 4922 1025 4990 continetur,
1079 4918 1203 4986 petuum
1219 4912 1246 4968 ei
1260 4929 1350 4984 super
1364 4914 1531 4984 quaestione
1560 4914 1625 4986 ipsa
1644 4912 1792 4970 silentium
1805 4909 1881 4976 imm·

192 5013 365 5088 juramento
374 5009 503 5066 llrmavit
513 5024 543 5063 se
555 5007 638 5063 illam
650 5006 777 5064 tirmiter
789 5013 1027 5067 servaturum.Et
1079 5005 1195 5069 nentes,
1209 5016 1271 5056 non
1294 4999 1431 5058 obstante
1446 5001 1527 5073 quod
1553 5000 1665 5058 lactum
1680 5005 1725 5058 est
1738 4999 1773 5057 ab
1786 4989 1880 5052 ultimis

196 5119 263 5160 oum
278 5117 367 5175 super
380 5099 568 5155 restitutione
584 5113 637 5154 sua
659 5097 793 5169 duplices
813 5099 928 5155 litteras
943 5101 1023 5172 eJus·
1080 5098 1242 5171 delegatis3
1258 5114 1326 5154 cum
1342 5113 1377 5154 ex
1393 5099 1440 5154 his
1456 5105 1599 5172 appareat
1612 5089 1881 5167 evidenteripsosul

197 5193 265 5248 dem
281 5206 403 5264 prorsus
414 5188 606 5244 continentias
618 5187 898 5259 impetrasset,lecta
908 5205 1025 5262 compo·
1079 5188 1116 5244 de
1131 5188 1198 5243 aliis
1223 5191 1386 5256 taceamus,
1404 5188 1427 5244 si
1445 5189 1489 5246 eis
1514 5189 1550 5245 de
1573 5188 1734 5262 praemissis
1757 5177 1879 5242 constitit

196 5281 407 5351 sitione,quam
414 5277 592 5348 saepedictus
603 5275 806 5348 'praedecessor
815 5281 1025 5348 nosterpostea
1079 5277 1180 5334 minus
1195 5277 1325 5350 legitime
1341 5279 1534 5348 processisse,
1548 5280 1737 5335 restituentes
1748 5275 1827 5330 illum
1840 5263 1878 5336 ciui

197 5369 395 5436 confirmavit,
424 5367 533 5422 alteras
562 5365 731 5438 resignarit,
758 5364 869 5420 alteras
902 5365 1026 5422 retinuit
1079 5383 1140 5422 non
1156 5365 1286 5422 babebat
1296 5366 1347 5438 jus
1357 5367 1480 5439 aliquod
1489 5367 1692 5440 repetendillt
1705 5361 1828 5438 quamvis
1842 5371 1878 5410 so·

196 5455 412 5513 fraudulenter.
424 5457 569 5511 Processu
578 5469 645 5508 vero
659 5451 802 5523 temporis
811 5453 1025 5524 compositione
1079 5455 1126 5512 lus
1142 5454 1408 5526 abbas,antequam
1423 5457 1625 5529 appellaretur
1636 5456 1672 5514 ab
1688 5469 1732 5522 ec,
1743 5446 1879 5527 justotor-

195 5545 232 5602 ab
249 5559 284 5601 eo
299 5543 475 5618 aliquandiu
487 5543 653 5610 observata,
664 5555 718 5614 per
728 5540 908 5613 iamdictum
923 5542 1024 5600 llelio·
1079 5559 1159 5602 mam
1174 5544 1342 5602 litterarum
1364 5550 1535 5606 nosbarum
1560 5545 1720 5618 procedere
1743 5535 1876 5614 puiset
