3952 6056
3 331 130 385 iffi

604 323 857 382 Ponnmcnrus
876 324 972 382 ΑΝΝΟ
991 325 1014 394 Ι,
1034 326 1174 386 CHRISTI
1193 329 1272 388 titt.

1740 333 1806 394 Μ’

3 419 4 434 ¹
64 453 273 527 capellanum
289 447 478 518 austrenum
487 453 587 506 tamen
602 455 848 507 neutervestruru
859 467 908 506 ex·
923 455 953 520 A
967 451 1136 526 assignavit.
1153 456 1209 512 Sed
1234 474 1288 515 neo
1303 459 1367 532 ipse
1382 477 1437 517 nec
1458 462 1567 534 aliquis
1591 477 1691 518 coram
1705 462 1792 520 nobis
1808 461 1815 468 ”

65 545 322 603 communicatus
335 541 381 597 rel
390 540 567 597 nominatim
576 540 850 597 fueritinterdiotus
860 546 913 598 aut

67 635 105 691 id
124 634 183 690 tibi
198 633 290 689 luerit
304 646 443 704 expresse
458 629 653 703 prohibitum.
669 629 747 685 Nulli
758 645 838 703 ergo,
854 636 910 687 etc.

113 725 228 780 llatum
241 719 317 778 ldib.
333 719 412 775 tulii.
815 729 816 732 ’

390 807 604 864 cutxxxvnl.

370 913 462 956 nucis.
487 913 626 953 nrrscoeo.

69 995 116 1050 lle
132 1007 219 1047 sousa
233 989 330 1046 decom
346 987 374 1043 S.
391 987 518 1053 Quintius·
532 992 627 1041 contro
649 1000 728 1040 suum
748 983 910 1056 capitulum.

244 1075 343 1152 (Apud
357 1075 385 1131 S.
402 1077 534 1142 Petrum,
545 1091 564 1130 x
577 1074 641 1130 Kal.
657 1073 750 1147 lolii).

109 1169 235 1227 Noverit
248 1165 421 1223 fraternitas
444 1168 494 1221 tua
508 1163 587 1235 quod
605 1179 726 1220 causam
741 1179 807 1234 que
822 1162 913 1218 verti-

66 1269 125 1316 tur
139 1260 222 1314 inter
243 1255 367 1312 dilectos
384 1253 461 1310 illios
478 1254 637 1309 canonicos
659 1251 794 1308 ecclesie
810 1251 909 1308 Sancti

68 1346 217 1416 Quintini
234 1342 434 1400 viromanden
461 1347 491 1398 et
505 1341 651 1398 decanum
667 1341 803 1414 ejusdem
814 1340 912 1396 ecole-

966 559 1019 616 pro
1034 559 1068 600 eo
1084 549 1251 618 comparuit
1272 551 1463 622 responsalis.
1480 551 1554 616 Quia
1579 567 1646 606 vero
1673 555 1793 624 propter

966 633 1109 704 temporis
1127 635 1335 709 intemperiem
1348 655 1409 695 non
1424 639 1526 696 decuit
1545 655 1601 695 nos
1616 639 1790 711 magistrum

965 721 1009 776 W.
1028 726 1058 777 et
1072 725 1102 780 T.
1117 727 1276 783 canonicos
1301 728 1433 784 ecclesias
1457 728 1645 800 supradicte,
1671 727 1707 784 ad
1723 745 1789 784 nos·

966 818 1043 868 tram
1059 817 1249 886 praesentiam
1264 818 1449 886 accedentes,
1465 819 1578 874 diutius
1593 817 1790 886 detinere‚vo-
1845 829 1846 834 ’

967 903 1065 959 lentes
1089 905 1234 977 utrisque,
1252 906 1328 962 siout
1347 907 1463 980 Justnm
1488 911 1542 974 est,
1558 907 1722 979 providere,
1738 923 1793 978 per

967 998 1131 1068 apostolica
1144 999 1226 1055 vobis
1241 1001 1351 1072 scripta
1366 1000 1541 1057 mandamus
1556 1004 1702 1071 quatenus
1719 1000 1792 1055 asci-

967 1091 997 1142 ta
1010 1087 1163 1144 vobiscum
1189 1089 1391 1145 ecclesiastica
1406 1105 1535 1161 persona
1558 1093 1588 1144 et
1602 1089 1790 1162 suspectione

967 1183 1098 1245 carente,
1115 1176 1150 1232 de
1166 1180 1288 1233 llemen.
1305 1177 1467 1249 provincia,
1483 1193 1573 1249 (luam
1588 1177 1685 1233 dictus
1701 1177 1791 1235 deca·
1898 1217 1902 1231 .

966 1283 1023 1322 nus
1038 1283 1090 1338 pro
1106 1271 1259 1339 partesue
1281 1267 1399 1323 duxerit
1413 1267 1443 1322 in
1455 1266 1588 1338 Judicem
1611 1266 1789 1339 eligendam,

966 1358 1077 1432 pariter
1091 1375 1159 1414 cnm
1175 1375 1209 1414 ea
1227 1374 1317 1430 super
1330 1357 1377 1413 his
1393 1374 1459 1429 quas
1470 1356 1540 1412 hino
1554 1356 1623 1413 inde
1639 1357 1792 1429 proposita

71 1440 144 1506 siae,
160 1433 322 1493 venerabil.
337 1431 480 1488 fratribus
495 1431 605 1486 nostris
620 1433 743 1486 liemon.
759 1429 911 1501 archiepi-
965 1447 1077 1503 suerint
1100 1446 1258 1518 inquiratis
1283 1445 1454 1518 diligentius
1479 1446 1632 1501 veritatem
1654 1450 1683 1500 gg
1711 1445 1791 1517 quod

72 1543 186 1598 ⁵0⁰ll⁰2
202 1525 316 1580 Sfflsslffi
331 1521 448 1578 Sabin&
461 1519 606 1577 cardinali
621 1524 651 1575 θῐ
668 1518 807 1592 ellilss⁰l¹⁰
827 1521 911 1574 fflsss·
962 1537 1079 1608 justum
1093 1535 1192 1604 luerit,
1206 1534 1404 1607 appellatione
1419 1534 1593 1606 postposita,
1610 1535 1747 1590 statuatis
1762 1539 1792 1588 et

73 1617 186 1672 balen-
203 1612 341 1669 dll¹5ffl¹¹⁸
363 1608 627 1675 ⁰⁰¹¹¹¹¹¹i²¹0¹¹dfl¹¹¹i
643 1608 684 1663 im
708 1615 807 1664 ΜΘΗ
832 1607 912 1679 l⁰⁰d
966 1626 1081 1682 faciatis
1094 1625 1173 1698 quod
1189 1623 1377 1680 decreveritis
1396 1639 1619 1696 percensuram
1633 1623 1791 1680 ecclesias·

76 1709 150 1778 ipse
166 1719 219 1776 Pl⁰
234 1707 318 1776 1³³rte
336 1713 390 1756 ³¹¹³
408 1700 529 1755 leffium
547 1699 680 1771 jfldissflm
693 1697 820 1771 “fidendi
837 1697 912 1754 libe·
967 1717 1056 1773 ticam
1072 1714 1237 1788 apartibus
1261 1714 1387 1770 tirmiter
1402 1711 1560 1769 obseruari.
1578 1713 1607 1768 Si
1623 1729 1690 1768 vero
1714 1729 1790 1784 pra·

76 1811 149 1850 ΜΠ]
161 1790 438 1863 ὓώθᾶῗθβῑῑθῦθῐῦ·
454 1787 599 1854 0⁰⁰¹¹i³¹¹¹
620 1787 719 1861 igitur·
735 1786 811 1842 &⁰¹²²
825 1784 911 1842 ¹²⁰bi⁵
925 1823 953 1891 B
968 1807 1064 1863 dictus
1079 1806 1208 1861 decanus
1223 1803 1332 1876 eligere
1350 1801 1484 1874 judicem
1500 1808 1529 1856 et
1539 1799 1601 1873 juri
1616 1817 1720 1873 parere
1735 1817 1791 1857 no-

76 1883 214 1940 relatum
231 1884 286 1948 est,
300 1879 379 1935 idem
390 1878 521 1934 decanus
540 1877 715 1948 inpartibus
728 1875 911 1932 lombardia
964 1897 1118 1965 luerim
1130 1893 1337 1960 nihilominus,
1349 1897 1494 1962 quantum
1510 1889 1546 1944 dg
1558 1890 1626 1962 jure
1642 1890 1789 1962 poggrffls,

76 1966 409 2036 moratur,t'raternitati
424 1972 481 2021 tue
496 1981 551 2036 per
562 1971 657 2030 apost.
665 1965 775 2036 scripta
786 1963 923 2020 manda-¹
964 1988 996 2042 in
1008 1985 1126 2059 negotio
1142 1981 1319 2055 procedatis·
1334 1979 1428 2035 Nullis
1443 1979 1560 2035 obstan,
1576 1979 1682 2034 harum
1707 1994 1792 2034 men,

76 2054 541 2131 musquatenuseidemdecano
561 2053 910 2110 auctoritatenostrain-
964 2077 1045 2132 gone
1067 2091 1128 2132 non
1153 2073 1264 2138 habita,
1282 2076 1337 2126 ego,
1363 2069 1491 2136 0110de
1514 2083 1564 2123 ,03
1589 2067 1676 2123 ambo
1699 2067 1789 2123 simul

70 2147 279 2224 junssffltad
300 2142 583 2218 Psffidi⁰¹⁰⁸l¹¹di⁰⁸⁵
594 2143 734 2199 ³⁰⁰0d0f0
752 2147 910 2215 ¹¹⁰1¹P⁰³t‘
963 2181 1031 2222 oum
1047 2163 1133 2219 tertio
1150 2161 1197 2218 bis
1222 2159 1430 2231 exsequendis,
1448 2162 1516 2226 etc,
1539 2163 1583 2226 tu,
1598 2156 1691 2212 trater
1709 2157 1789 2229 epis·

76 2243 186 2313 ponat,
202 2251 399 2308 responsurus
419 2248 509 2305 super
528 2233 693 2304 quaestione
712 2232 866 2304 praemissa
880 2236 911 2287 et
963 2268 1046 2326 eope,
1063 2268 1130 2307 cum
1147 2266 1249 2308 eorum
1265 2250 1370 2318 altem,
1387 2254 1443 2304 em·

73 2329 228 2403 judicium
239 2322 539 2396 recepturus‚eisdem
549 2321 744 2393 [eisdemque]
756 2321 909 2393 judicibus
998 2342 1115 2410 pagum,
1131 2346 1162 2396 αἱ
1175 2355 1270 2411 ςυρψ,

78 2417 267 2492 perlatores
289 2411 483 2486 presentium
507 2409 674 2485 significare
699 2426 760 2466 non
788 2411 909 2467 differas
1323 2418 1422 2475 ccxc,

81 2505 244 2580 qualitera
259 2507 288 2559 te
304 2503 389 2576 juxta
403 2500 578 2558 mandatum
600 2506 736 2556 nostrum
750 2500 840 2556 inerit
851 2501 908 2572 ipsi
1132 2525 1258 2566 „nmo
1276 2523 1428 2566 iuquam.
1447 2521 1613 2562 »mostra

81 2597 199 2653 decano
221 2593 389 2667 injunctum
413 2595 446 2645 ut
466 2589 503 2646 ad
526 2605 630 2645 eorum
654 2589 854 2662 presentiam,
877 2595 911 2645 ut
998 2602 1171 2667 Quodvarqs
1186 2601 1219 2655 aa
1232 2601 1320 2654 caesas
1333 2599 1489 2654 electionem
1506 2613 1583 2652 suam
1598 2599 1746 2667 confirmet.

81 2685 275 2759 praelibatum
291 2687 345 2750 est,
361 2680 502 2738 accedere
516 2695 578 2736 non
593 2679 720 2734 differat.
1144 2688 1241 2763 (Apud
1255 2689 1283 2744 s.
1300 2689 1430 2754 Petrum,
1446 2692 1476 2742 ut
1489 2687 1594 2757 supra),

119 2776 227 2831 Datum
241 2775 343 2830 3⁰³1OE
357 2770 434 2843 almd
449 2771 476 2826 S·
493 2771 624 2837 Petrum,
639 2785 658 2823 ¹
671 2767 735 2824 Kal·
750 2766 829 2823 lulli·
998 2781 1039 2834 Ex
1053 2795 1104 2834 ore
1126 2779 1257 2834 sedentis
1280 2778 1312 2833 in
1336 2777 1443 2832 throno
1467 2774 1648 2848 procedebat
1667 2773 1783 2848 gladius

402 2861 591 2918 CCLXXXIX·
962 2867 1136 2924 bisacutus.
1153 2869 1205 2924 llic
1228 2873 1274 2923 est
1297 2867 1412 2940 gladius
1434 2865 1612 2932 Salomonis,
1628 2865 1679 2936 qui
1704 2868 1785 2920 secat

137 2968 350 3011 nncuttrtscoro
368 2967 468 3008 ussu-
489 2967 602 3006 sertem
620 2965 727 3006 ΜΝΞ
745 2964 854 3006 clitum·
962 2958 1114 3030 utrinque,
1134 2956 1262 3013 reddens
1276 2955 1436 3026 unicuique
1451 2953 1531 3026 quod
1556 2965 1642 3010 suum
1658 2958 1712 3010 est.
1726 2955 1784 3008 Nos

310 3057 343 3098 ιτ
360 3055 491 3097 mscoro
514 3053 681 3095 truttmu-
963 3061 1032 3120 ergo
1057 3047 1119 3119 qui,
1144 3045 1215 3102 licet
1236 3046 1391 3114 immeriti,
1412 3045 1512 3100 locum
1536 3043 1597 3099 veri
1620 3042 1786 3100 Salomonis

336 3135 374 3189 De
388 3131 479 3187 eodem
493 3135 663 3201 argumento·
963 3135 1064 3192 divina
1083 3134 1255 3209 dignatione
1279 3141 1425 3202 tenemus,
1445 3133 1576 3207 gladium
1603 3132 1692 3188 istum
1715 3137 1786 3188 tunc

353 3222 482 3292 (Datum,
497 3218 647 3291 utsupra).
925 3221 950 3289 G
964 3224 1129 3298 prudenter
1151 3225 1316 3291 exerimns3
1330 3239 1397 3280 cum
1421 3222 1602 3295 questiones
1621 3222 1653 3277 in
1671 3219 1791 3278 andito·

122 3314 165 3367 Ex
188 3315 271 3384 parte
296 3309 395 3365 dilect.
424 3308 465 3364 lll.
490 3308 704 3364 canonicorum
727 3307 860 3364 ecclesio
883 3308 910 3364 S.
966 3315 1011 3369 rio
1037 3319 1138 3369 nostro
1164 3313 1294 3386 legitime
1315 3312 1471 3368 ventilatas
1496 3311 1647 3367 mediante
1671 3309 1791 3381 justitia

88 3401 222 3470 Quintini
250 3397 461 3455 Viromanden.
491 3396 549 3452 luit
573 3397 604 3452 iu
632 3397 784 3452 audientia
810 3403 912 3454 nostra
966 3401 1189 3458 diffinimus-dd
1204 3403 1260 3457 hoo
1275 3399 1578 3474 animemergentium
1589 3399 1788 3470 questionum

89 3488 213 3563 querela
226 3487 379 3562 proposita
389 3486 468 3560 quod
482 3485 614 3542 decanus
622 3485 758 3558 ejusdem
766 3485 911 3555 ecclesias,
965 3491 1145 3564 perplexitas
1167 3495 1197 3546 et
1210 3489 1348 3546 difficiles
1362 3488 1433 3545 nodi
1448 3504 1603 3545 causarum
1627 3485 1665 3542 ad
1687 3486 1789 3542 sedem

90 3597 159 3636 cum
173 3573 640 3652 potiusteneaturdiscordantes
665 3575 703 3630 ad
722 3575 912 3631 concordiam
966 3581 1159 3652 apostolicam
1187 3579 1367 3640 reseruntur,
1395 3582 1430 3633 ut
1455 3592 1521 3633 cum
1551 3591 1654 3632 earnm
1682 3575 1788 3631 menta

89 3668 320 3735 revocare,inter
333 3682 384 3720 eos
399 3665 549 3720 concitare
562 3664 755 3720 seminarium
769 3664 913 3720 dissensi·
964 3670 1076 3726 fuerint
1101 3669 1265 3725 assertione
1290 3667 1416 3739 partium
1433 3665 1589 3738 patefacta,
1613 3664 1737 3738 prodeat
1751 3664 1788 3720 ab

87 3761 164 3826 onis,
174 3759 255 3830 ipsos
267 3757 355 3811 etiam
368 3753 709 3810 contraeoolesiasticam
725 3754 911 3809 honestatem
965 3758 1128 3832 apostolica
1151 3757 1219 3814 sede
1245 3757 1402 3825 sententia,
1418 3755 1568 3812 deducens
1583 3756 1614 3810 in
1638 3752 1789 3811 certitudi-

88 3865 177 3920 super
191 3845 362 3903 enormibus
382 3843 557 3900 criminibus
580 3843 699 3914 publice
723 3842 867 3898 infamare
882 3849 913 3898 et
965 3864 1034 3903 nem
1049 3848 1140 3904 dubia
1154 3853 1184 3902 et
1198 3847 1325 3902 obscura
1338 3845 1506 3918 producens
1521 3845 1552 3900 in
1570 3845 1667 3900 lucem
1681 3862 1690 3908 ς
1705 3848 1738 3900 ut
1752 3843 1789 3898 li-

86 3939 226 3994 adrersus
247 3951 297 3990 eos
320 3949 477 4007 provocare
499 3932 590 3987 laicos
610 3932 732 3988 minime
756 3932 910 4001 dubitarit,
965 3939 1121 4011 ligantium
1136 3936 1323 3993 dissensione
1347 3937 1452 4006 sopita,
1466 3951 1553 3990 sunm
1565 3935 1683 4004 ,iustitia
1706 3937 1788 3988 tuea-

86 4027 116 4082 in
142 4024 350 4082 remissionem
374 4027 563 4094 peccatorum
583 4022 626 4078 eis
651 4020 809 4094 injungens
832 4023 910 4078 utin
965 4031 1014 4084 tur
1041 4033 1069 4083 et
1095 4030 1237 4098 sequatur
1264 4029 1426 4080 auctorem.
1453 4023 1525 4080 lude
1555 4023 1704 4094 siquidem
1733 4021 1790 4078 luit

86 4115 166 4186 ipsos
190 4112 353 4170 canonicos
369 4112 519 4167 irruerent
533 4115 563 4164 et
585 4109 671 4166 tunes
686 4125 910 4182 campanarum,
966 4115 1044 4188 quod
1060 4113 1270 4174 accedentibus
1285 4113 1322 4170 ad
1337 4113 1528 4186 presentiam
1552 4117 1685 4169 nostram
1710 4117 1738 4166 te
1753 4127 1787 4166 ac

87 4219 160 4275 quas
172 4218 226 4276 pro
242 4201 372 4274 capitulo
388 4199 595 4273 congregando
611 4199 780 4271 pulsabant,
796 4199 833 4255 de
847 4217 910 4256 ma·
965 4206 1073 4262 dilecto
1100 4205 1161 4260 filio
1185 4207 1286 4260 nostro
1311 4204 1341 4258 Β.
1371 4204 1534 4274 Augusten.
1564 4201 1707 4257 canonico
1733 4217 1786 4273 pro

87 4295 175 4350 nibus
198 4309 303 4348 eornm
318 4291 487 4357 aulerrent;
504 4289 617 4346 eisdem
638 4289 815 4362 promittens
831 4288 911 4362 quod
965 4295 1129 4367 quastione
1152 4311 1217 4365 qnae
1233 4293 1312 4348 inter
1334 4309 1384 4348 vos
1406 4308 1495 4364 super
1518 4291 1786 4363 prepositurallu·

87 4383 197 4456 siquid
220 4381 392 4438 detrimenti
413 4397 502 4452 super
526 4380 582 4436 hoc
607 4380 650 4436 eis
674 4379 831 4446 accideret,
847 4380 911 4451 ipse
964 4389 1080 4456 gusten.
1096 4383 1234 4440 Ecclesiae
1247 4382 1424 4449 vertebatur,
1441 4397 1496 4436 nos
1514 4379 1713 4436 venerabilem
1728 4377 1789 4433 lra-

86 4476 262 4546 perpetrata
272 4470 316 4524 rei
330 4469 420 4524 uellet
433 4472 537 4524 auctor
551 4469 663 4524 haberi.
681 4471 827 4524 Praeterea
842 4485 909 4524 curn
965 4479 1040 4528 trem
1055 4477 1190 4528 nostrum
1210 4473 1289 4527 Octa.
1307 4471 1437 4527 lloslien.
1462 4469 1635 4541 episcopum
1651 4473 1682 4524 et
1695 4467 1788 4524 dilee

87 4579 116 4618 se
144 4564 328 4618 servaturum
349 4560 418 4632 jura
447 4563 476 4612 et
510 4558 740 4614 consuetudines
775 4558 1141 4648 ecclesiaentumsslium
1165 4561 1242 4616 Grat.
1265 4561 1437 4614 Sanctorum
1462 4560 1574 4614 Cosmus
1600 4563 1631 4612 et
1654 4556 1789 4613 Damiani

86 4649 183 4707 Sancti
196 4648 329 4714 Quintini
345 4653 375 4703 et
388 4647 541 4704 canonicis
558 4647 716 4719 quamdam
731 4649 907 4718 pensionem
967 4651 1124 4707 diaconum
1144 4647 1228 4704 Card.
1245 4647 1327 4702 vobis
1350 4647 1553 4703 concessimus
1580 4647 1739 4702 auditores.
1756 4647 1789 4702 ln

87 4755 202 4796 necnon
216 4741 246 4793 et
260 4737 500 4810 procurationem
513 4738 543 4792 in
559 4737 668 4792 octavis
684 4737 803 4792 Paschae
819 4754 912 4792 unnu-
963 4755 1093 4811 quorum
1110 4737 1268 4809 presentia
1281 4735 1338 4792 luit
1352 4753 1386 4792 ex
1408 4735 1541 4808 predicti
1564 4737 1594 4790 Β.
1618 4742 1701 4807 parte
1720 4753 1788 4808 pro-

87 4831 157 4886 atim
168 4827 314 4900 juraverit
337 4826 555 4898 impensurum,
571 4831 675 4881 contra
689 4841 775 4882 suum
790 4827 912 4882 veniens
967 4828 1097 4901 positum
1112 4826 1191 4899 quod
1206 4842 1274 4882 eum
1290 4825 1415 4882 dilectus
1431 4826 1511 4882 tilius
1526 4825 1557 4881 E.
1574 4824 1610 4881 de
1625 4828 1786 4898 Augusten.

83 4919 300 4992 J'uramentum,
316 4919 425 4971 statum
448 4913 630 4986 capellarum
646 4919 675 4970 et
689 4914 911 4987 capellanorum
966 4917 1124 4990 praeposito
1148 4915 1253 4972 luisset
1267 4916 1298 4972 in
1323 4915 1495 4988 episcopum
1520 4915 1648 4971 Brixien.
1666 4915 1787 4982 alectus,

89 5011 117 5064 et
140 5004 309 5061 ruariorum
334 5003 367 5076 [s.
383 5004 581 5072 ricariorunr],
606 5003 736 5078 capitulo
762 5005 912 5060 contradi·
966 5007 1250 5082 rogaritcapitulum
1266 5009 1477 5080 Augustamne
1492 5006 1623 5078 aliquem
1639 5004 1788 5077 sibiprius

89 5101 184 5162 cente,
201 5095 233 5149 in
257 5109 360 5150 eorum
376 5099 405 5150 et
426 5093 560 5150 ecclesiae
577 5110 638 5149 sue
660 5107 745 5162 grave
770 5092 912 5164 prejudi-
966 5099 1111 5171 eligerent
1130 5097 1159 5151 in
1182 5095 1374 5168 praepositum
1398 5111 1487 5166 quam
1503 5095 1568 5167 ojus
1584 5099 1661 5150 esset
1684 5092 1789 5148 electio

88 5187 164 5242 cium
190 5183 279 5242 nixus
304 5187 350 5238 est
377 5181 535 5237 immutare
560 5187 590 5236 el
612 5181 769 5253 predictas
793 5181 910 5252 pensio·
967 5185 1151 5242 confirmata.
1182 5185 1313 5256 Cumque
1347 5184 1404 5256 ipsi
1438 5183 1576 5256 precibus
1614 5181 1790 5236 annuissent

88 5291 155 5331 nem
171 5277 201 5330 ct
215 5271 467 5345 procurationem,
494 5269 632 5326 similiter
654 5269 816 5344 J'uramenti
841 5269 911 5325 reli·
967 5279 997 5330 et
1024 5274 1104 5330 idom
1133 5274 1255 5342 electus,
1290 5273 1445 5330 electionis
1482 5270 1709 5328 confirmatione
1735 5285 1789 5341 per

88 5365 172 5438 gione
197 5361 342 5436 neglecta,
365 5360 438 5432 ipsis
459 5360 611 5416 canonicis
638 5359 737 5416 renuit
761 5359 910 5416 exhibere.
967 5380 1054 5421 sunm
1091 5361 1353 5433 metropolitanum
1388 5361 1519 5427 obtenta,
1548 5358 1671 5414 veniens
1699 5357 1790 5415 Tibur

88 5457 219 5524 Cumque
233 5467 322 5523 super
337 5451 462 5506 hiscum
477 5449 514 5506 ad
538 5449 639 5512 sedem
654 5449 848 5521 apostolicam
863 5465 911 5522 ap·
965 5452 1070 5508 luisset
1085 5453 1120 5508 de
1135 5451 1283 5524 regalibus
1307 5451 1471 5518 investitus,
1488 5451 1518 5506 Β.
1535 5448 1621 5504 miles
1644 5453 1729 5521 pater
1744 5449 1789 5521 ip-

91 5542 274 5616 pellaveriut,
297 5540 361 5611 ipse
386 5540 546 5594 terminum
569 5537 778 5610 appellationis
804 5538 910 5595 abbre·
967 5542 1028 5599 sius
1043 5543 1074 5598 lt.
1090 5541 1127 5597 ad
1141 5545 1235 5612 apost.
1253 5539 1353 5598 sedem
1371 5539 1525 5608 accedens,
1541 5555 1558 5594 a
1572 5537 1657 5596 bona
1670 5555 1788 5596 memo-

90 5633 182 5700 rians,
198 5629 291 5687 eisad
304 5627 543 5700 prosequendam
558 5626 789 5700 appellationem
802 5627 911 5686 festum
967 5631 1017 5687 riae
1033 5630 1190 5686 Caelestino
1212 5646 1288 5701 papa
1312 5629 1530 5702 predecessore
1556 5635 1658 5686 nostro
1682 5629 1719 5686 ad
1743 5628 1787 5684 di·

3 5703 4 5712 ἵ
91 5725 260 5779 sanctorum
274 5717 404 5792 Philippi
418 5724 448 5776 et
461 5716 560 5776 lacobi
575 5718 709 5791 proximo
729 5719 912 5792 preteritum
966 5719 1059 5776 lectos
1075 5718 1151 5775 tilios
1176 5717 1321 5774 decanum
1335 5722 1364 5774 et
1386 5717 1549 5791 capitulum
1569 5719 1692 5792 August.
1708 5717 1787 5772 litte·
