3952 6042
161 173 193 230 lb
282 227 284 232 ,
652 161 854 222 Innocuam
872 157 911 214 111
930 158 985 214 PP.
1006 155 1240 216 REGESTORUll
1261 156 1326 216 uu.
1346 157 1369 212 l.

529 293 613 350 xiil.
996 284 1026 351 Α
1422 280 1482 338 XX.

100 463 105 472 ¹
162 403 300 455 mrosao,
320 399 475 451 recasura,
488 398 521 440 ur
539 396 735 439 raaoaurrono
755 389 985 443 sucumrrsoorrs,
1151 405 1281 448 „mom
1299 405 1332 447 Π
1351 404 1449 446 mm
1468 403 1492 443 s,
1512 399 1575 443 m,
1591 398 1750 442 mamm,

229 567 235 579 ,
323 565 329 578 ‚
395 471 553 576 (Latefani’
570 488 588 525 v
601 469 643 526 ld·
658 467 756 540 mm)
1044 497 1079 553 Ut
1091 501 1199 568 recepto
1213 513 1231 552 o
1245 498 1277 553 d.
1291 497 1412 568 presbyt.
1427 495 1557 551 ooaoatm
1580 491 1749 566 purgatiore
1763 488 1797 544 de
1811 487 1879 571 cri-

200 567 248 622 ffit
275 568 406 635 mitium
420 567 459 618 ⁶⁸⁶
469 577 499 617 Μ
514 560 635 616 mmm·
650 559 710 627 im
723 556 833 614 'mum
847 559 878 610 “i
891 567 987 624 supro,
1077 571 1149 624 miae
1164 569 1368 624 homicidiisibi
1381 567 1494 638 objecto,
1508 567 1598 636 ipsum
1612 563 1743 628 obsoleat,
1758 562 1783 616 si
1797 560 1879 628 bpa-

164 673 249 728 asqac
269 656 306 710 od
332 654 442 710 rabam
466 652 538 707 illud
561 648 699 722 eligendi.
714 646 796 704 Unde
810 641 989 702 fraternitati
1079 643 1163 696 tanus
1177 646 1318 696 camactos·
1332 655 1387 694 noa
1400 638 1594 708 comparuerit,
1609 642 1635 691 et
1663 636 1765 690 crimen
1788 637 1879 686 noto-

164 750 267 802 restrae
282 759 335 815 per
348 740 513 814 apostolica
527 739 637 810 scripta
651 735 827 792 mandamus
842 737 990 805 quatenus
1079 713 1152 766 'ium
1165 727 1220 766 ’²⁰⁷²
1235 712 1338 766 wism-

165 833 202 891 ad
217 832 272 887 hoc
286 829 422 904 diligenti
444 827 648 886 sollicitudine
670 825 823 892 laboretis,
836 828 870 879 ut
893 821 990 876 dictas
1250 815 1409 890 (Laterani,
1428 831 1455 870 rr
1468 816 1541 870 Non.
1558 810 1657 882 Febr.)

165 923 300 978 intrusus
314 937 332 977 a
345 923 511 976 memorata
531 919 718 973 removeatur
738 912 881 980 Ecclesia,
897 913 926 964 et
953 905 990 963 ab
1079 923 1232 982 ,secedens
1246 924 1283 981 gd
1297 924 1487 998 praesengam
1507 926 1641 978 nostram
1668 920 1700 975 G·
1716 917 1884 990 presbyter

166 1010 260 1084 ipsius
273 1009 402 1083 capitulo
418 1007 523 1064 electio
539 1007 634 1079 possit
645 1006 676 1060 in
691 1021 726 1061 ea
740 1003 884 1060 canonica
897 999 991 1055 libere
1044 1013 1122 1071 law,
1135 1014 1328 1086 praesengum
1342 1018 1402 1069 gam
1417 1011 1561 1068 ,elatione
1574 1025 1629 1066 sua
1649 1023 1740 1081 quam
1762 1004 1882 1062 ligeris

166 1100 321 1158 celebrari·
338 1101 444 1156 Datum
459 1095 605 1164 Laterani,
619 1112 636 1148 V
651 1094 694 1150 ld·
709 1091 870 1150 Februarii·
1046 1102 1243 1176 quorumdam
1258 1102 1409 1171 abbatum,
1421 1106 1522 1158 nostro
1536 1096 1715 1172 apostolatui
1729 1094 1882 1152 demons-

527 1211 626 1268 llvlll.
1045 1193 1142 1261 travit,
1150 1193 1229 1264 quod
1240 1207 1307 1249 cum
1318 1193 1399 1248 inter
1407 1191 1506 1264 ipsam
1513 1184 1806 1262 etquemdamslium
1812 1183 1882 1240 cle·

169 1341 294 1384 incusem
321 1338 491 1380 soranoson
520 1336 689 1378 suranorum
718 1335 820 1376 scursa
847 1333 991 1374 sconsam.
1045 1276 1885 1384 Qumq⁰ffl⁵t¹⁰wr²⁰r⁰t¹¹rt⁹t¹d⁰m⁰¹⁰r¹⁰¹¹³²dvm¹

268 1435 319 1446 ..
455 1432 461 1445 .
530 1430 536 1444 .
623 1431 627 1442 .
1045 1389 1109 1430 rius
1121 1389 1193 1428 suus
1207 1372 1245 1429 ad
1259 1372 1340 1428 diem
1355 1372 1536 1446 assignatam
1552 1367 1660 1426 sibiad
1681 1363 1881 1440 praesentiam

216 1436 249 1490 Ut
264 1449 294 1488 m
309 1449 370 1503 *psa
384 1433 512 1488 mmm
526 1427 749 1500 mmmmm
763 1433 946 1526 mnms‘ft'
1042 1463 1179 1536 judicum
1188 1459 1655 1534 properaretetfuissetinitinere
1663 1457 1878 1526 interemptus,

398 1535 557 1609 (Laterani
573 1553 589 1590 Ψ
603 1533 645 1591 ld·
661 1532 758 1601 Pehb)
1046 1551 1223 1609 venerabilis
1238 1551 1331 1608 frater
1345 1556 1448 1607 noster
1466 1550 1612 1606 senonen.
1630 1545 1880 1617 archiepiscopus

205 1649 234 1706 Si
249 1647 377 1705 creditas
392 1645 444 1702 tibi
461 1643 658 1718 regendorum
673 1642 851 1716 populorum
859 1645 991 1704 habenas
1006 1652 1033 1719 Β
1046 1640 1161 1697 habens
1176 1639 1313 1696 eumdem
1322 1637 1532 1712 Presbyterum
1544 1637 1711 1709 inspectum
1722 1646 1880 1705 superoc-

169 1735 361 1795 laudabiliter
371 1732 518 1790 moderari
529 1730 681 1788 desideras
691 1736 900 1790 etconcessam
910 1734 992 1792 tibia
1047 1731 1158 1788 cisione
1173 1729 1274 1786 clerici
1290 1729 1458 1796 memorati,
1467 1728 1538 1784 licet
1552 1731 1655 1783 contra
1669 1723 1755 1780 illum
1769 1720 1876 1778 nullus

170 1825 430 1883 Dominoterreuae
436 1818 825 1894 jurisdictionispoteutiam
835 1820 992 1897 benignius
1046 1815 1875 1897 apparueritlegitimusaccusatoretipseparatasesset

170 1929 319 1982 exercere,
335 1911 362 1968 ei
378 1927 499 1967 necesse
521 1909 613 1966 babes
627 1913 661 1965 ut
674 1910 794 1978 servias,
810 1912 856 1967 cai
883 1913 991 1970 servire
1047 1911 1286 1970 canonicesuam
1301 1909 1502 1966 innocentiam
1517 1907 1733 1972 demonstrare,
1747 1903 1779 1958 in
1800 1917 1872 1958 eam

169 2019 293 2079 regnare
304 2006 359 2071 est,
368 2005 398 2056 et
407 2016 460 2073 per
470 2015 559 2072 quem
573 2014 692 2073 gressus
707 1999 749 2055 tui
764 2017 882 2074 semper
892 2003 923 2058 in
933 2020 992 2059 me·
1047 2008 1148 2059 tamen
1163 2001 1368 2073 suspensionis
1378 1998 1655 2056 oissciisententiam
1665 1991 1873 2068 promulgarit.

168 2094 228 2151 lius
242 2093 416 2164 dirigentur.
425 2091 533 2146 Veram
549 2088 574 2144 si
589 2104 657 2144 eum
668 2093 729 2144 tota
741 2089 907 2148 intentione
918 2093 994 2150 dile·
1047 2091 1193 2159 Quoniam
1209 2089 1390 2164 igitur,sicut
1400 2089 1516 2162 justum
1530 2102 1591 2143 non
1604 2091 1649 2142 est
1661 2090 1695 2141 nt
1707 2080 1874 2155 culpabiles

168 2184 257 2251 reris,
274 2197 339 2238 eam
355 2183 383 2234 te
398 2181 515 2252 oportet
529 2176 655 2233 sollicite
669 2177 802 2235 venerari
816 2183 845 2234 et
867 2197 991 2238 conser-
1048 2181 1247 2248 absolvantur,
1264 2180 1307 2236 sic
1322 2184 1401 2238 esset
1414 2178 1521 2252 ajuris
1544 2176 1665 2234 tramite
1686 2174 1830 2240 alienum,
1847 2170 1872 2226 si

166 2287 236 2330 rare
252 2272 283 2326 in
299 2273 409 2326 statum
423 2265 530 2324 debitas
544 2264 701 2334 libertatis,
717 2266 772 2324 sub
787 2268 873 2341 cujus
897 2272 993 2344 capito
1048 2270 1280 2346 puniretjudicii
1292 2269 1432 2326 severitas
1444 2270 1630 2334 innocentes,
1641 2262 1813 2322 discretioni
1822 2277 1873 2316 re·

169 2362 242 2418 laera
256 2359 332 2434 ejus,
348 2363 378 2414 et
392 2373 482 2430 quam
497 2356 617 2412 dextera
633 2356 708 2428 ejus,
725 2356 801 2413 sicut
815 2357 846 2414 in
865 2359 994 2418 canticis
1050 2356 1502 2430 strrepraesentiumauctoritate
1510 2353 1839 2424 mandemusquatenas
1849 2348 1874 2404 si

168 2452 287 2526 legitor,
303 2448 509 2522 amplexatum
525 2447 611 2520 cujus
624 2446 704 2502 zelus
723 2449 853 2505 comedit
875 2467 942 2508 eum
964 2459 995 2510 et
1049 2438 1876 2519 contraprmdictumpresbyterumsuperbomicidiola·

170 2541 283 2615 injuria
297 2555 357 2596 non
373 2535 524 2594 modicum
539 2540 678 2608 provocat
692 2541 722 2591 et
734 2536 904 2596 vindictam.
921 2541 994 2597 Cum
1050 2537 1171 2612 gitimus
1181 2553 1242 2592 non
1253 2535 1454 2608 comparuerit
1460 2539 1615 2592 accusator
1623 2535 1653 2588 ei
1662 2532 1776 2588 crimen
1789 2533 1877 2586 noto-

171 2637 271 2689 autem
286 2645 322 2686 ex
336 2627 388 2684 illo
402 2625 561 2699 singularis
576 2623 759 2682 excellentia
772 2627 924 2701 privilegio
937 2634 993 2686 eta.
1049 2627 1197 2684 riumnon
1207 2625 1318 2694 existit,
1327 2641 1378 2682 ros
1388 2623 1425 2682 ab
1434 2642 1469 2680 eo
1479 2623 1624 2680 canonica
1633 2619 1808 2695 purgatione
1822 2633 1876 2674 re-

169 2723 229 2791 sere
244 2721 274 2774 ia
289 2718 411 2774 eamdem
425 2716 534 2771 modom
550 2719 580 2770 at
593 2731 677 2785 snpra
704 2732 789 2786 usque
816 2718 854 2774 od
882 2719 994 2774 ilerdam
1051 2720 1146 2788 cepta,
1163 2714 1253 2770 latam
1277 2714 1308 2770 in
1331 2729 1399 2770 eum
1422 2710 1629 2786 suspensionis
1643 2707 1822 2766 sententiam
1838 2705 1876 2762 de

170 2807 309 2884 eligendi.
325 2805 453 2876 ideoque
468 2803 659 2858 serenitatem
673 2808 752 2860 tuam
768 2820 916 2879 rogamus,
933 2823 996 2864 mo·
1050 2795 1878 2876 auctoritatesedisapostolicarelaxetisnecpermittatis

171 2915 279 2955 nemus
295 2900 325 2952 et
339 2895 532 2950 exhortamur
547 2891 577 2947 in
593 2892 730 2961 Domino,
746 2909 780 2950 ac
796 2895 825 2950 ia
844 2896 997 2952 remissio·
1050 2891 1668 2966 cumsupcrpradieiohomicidioultcrius
1679 2889 1878 2948 indebitemo·

170 3003 240 3045 nem
255 2986 309 3041 tibi
326 2983 510 3056 injungimus
523 2985 715 3054 peccatorum
724 2988 871 3054 quatenus
882 2985 994 3042 nuliius
1051 2984 1164 3040 lestari.
1181 2984 1210 3039 si
1224 2999 1292 3040 rero
1308 2983 1344 3040 de
1357 2982 1518 3040 homicidio
1531 2982 1685 3038 contessas
1697 2977 1787 3035 luerit
1800 2976 1877 3050 legi·

169 3072 376 3149 impedimenti
402 3069 587 3126 obstaculum
612 3068 794 3142 interponas,
811 3089 869 3143 quo
894 3074 994 3130 miuus
1009 3035 1035 3103 G
1053 3073 1124 3129 time
1137 3073 1183 3128 rel
1198 3073 1361 3142 convictas,
1373 3089 1424 3129 vos
1439 3073 1476 3141 ei,
1493 3071 1610 3128 sublato
1634 3065 1878 3126 contradictionis

173 3165 350 3222 electionem
366 3159 478 3232 possint
496 3157 670 3214 canonicam
693 3159 856 3230 celebrare,
873 3178 940 3217 cum
963 3163 1000 3219 ad
1054 3167 1085 3218 et
1098 3160 1307 3234 appellationis
1322 3160 1486 3231 obstaculo,
1501 3174 1619 3233 posnam
1633 3156 1809 3214 canonicam
1831 3154 1879 3212 iu·
1955 3203 1956 3208 ,

172 3270 240 3312 eum
257 3251 353 3308 solum
369 3248 472 3306 haberi
491 3246 598 3302 debeat
612 3247 642 3302 in
669 3247 813 3305 electione
835 3257 999 3322 respectus,
1054 3249 1172 3324 fligatis.
1190 3249 1273 3317 Quod
1289 3250 1312 3306 si
1328 3250 1427 3317 ambo,
1444 3255 1475 3306 tu
1488 3248 1579 3306 irater
1594 3247 1743 3321 episcope,
1759 3249 1815 3302 etc.

173 3343 259 3415 cujus
283 3337 450 3396 ministerio
474 3336 525 3410 qai
540 3335 713 3407 assumitur,
729 3335 876 3412 alligator.
896 3341 1000 3398 [iatum
1090 3341 1196 3396 Datum
1212 3340 1359 3409 Laterani,
1373 3356 1401 3396 ir
1415 3341 1490 3396 Non.
1507 3338 1670 3395 Februarii.

174 3430 321 3498 Laterani,
336 3445 353 3484 v
368 3427 438 3484 ldus
452 3426 614 3482 Februarii.
1427 3455 1501 3514 XXI·

547 3541 621 3598 Xlll.
1171 3565 1398 3612 'sacalarlsooro
1417 3569 1450 3611 rr
1468 3569 1578 3610 sacam.
1597 3565 1742 3608 amasam.

432 3649 584 3736 P³ffl⁵¹F¹¹⁸¹
603 3648 743 3738 {³¹³}500‘0·
806 3727 822 3738 ..
913 3729 918 3739 Ι
1054 3665 1142 3734 Sapor
1157 3663 1339 3717 aspectione
1353 3658 1877 3732 tabitoiaterepiscopametcoaonicos

178 3730 211 3784 Ut
224 3727 304 3812 ticeot
317 3727 475 3796 Prosbptoro
488 3723 616 3779 bimberti
630 3739 660 3778 aa
678 3725 823 3807 sacerdotio
845 3727 935 3796 officio
947 3729 1001 3782 mi-
1095 3735 1278 3800 Vestensnses,
1293 3733 1326 3790 de
1340 3733 1461 3804 qaedam
1476 3733 1626 3804 episcopali
1639 3729 1747 3802 capello
1759 3735 1785 3784 ot
1799 3728 1878 3784 robus

210 3805 405 3864 certioremur
421 3796 526 3850 obstan.
542 3795 616 3864 qaod
631 3795 669 3849 od
683 3795 839 3851 evitandam
855 3797 936 3868 lepra
946 3814 1000 3868 pe·
1090 3806 1163 3862 altis.

213 3869 343 3936 stratam,
359 3867 455 3922 virilia
468 3865 522 3920 sibi
535 3866 600 3934 [ecit
615 3865 750 3921 obsoiadi.
1382 3892 1553 3966 (Laterani.)

402 3969 562 4043 (memni’
578 3985 605 4025 w
619 3969 661 4026 ld·
677 3970 775 4044 mm)
1091 3998 1333 4073 Significantibus
1346 3998 1463 4056 dilectis
1474 3999 1545 4056 liliis
1555 3969 1878 4062 Vestaneucanonicis,

211 4085 251 4156 (3)
264 4083 305 4137 Ex
319 4084 403 4153 parte
416 4077 517 4136 dilecti
534 4077 587 4133 lilii
603 4077 753 4136 Michaelis
766 4080 931 4155 presbyteri
945 4083 1002 4140 luit
1055 4080 1165 4136 nostris
1176 4084 1220 4136 est
1230 4078 1353 4135 auribus
1363 4079 1533 4136 intimatum
1543 4077 1623 4151 qaod
1638 4094 1707 4134 cum
1722 4078 1877 4132 Vestanen.

176 4173 207 4229 in
231 4169 384 4228 audientia
410 4171 513 4225 nostra
542 4168 834 4242 propositum,quod
856 4187 923 4228 cum
943 4174 1001 4230 sibi
1055 4171 1211 4241 episcopus
1226 4169 1331 4224 luisset
1345 4167 1555 4242 olimabipsis
1567 4169 1598 4224 in
1613 4165 1773 4240 praeseutia
1793 4164 1878 4220 Cele-

175 4261 300 4319 sentiret
323 4259 414 4331 lepre
441 4255 606 4330 periculum
633 4257 803 4328 imminere,
819 4257 855 4316 de
875 4263 1000 4320 oonsilio
1055 4255 1880 4330 stini,bonaememoriapredecessorisnostri,superec·

179 4349 287 4406 medici
302 4347 399 4404 virilia
412 4345 468 4406 sibi
484 4344 555 4400 lecit
577 4344 723 4413 abscindi,
739 4353 771 4402 ut
793 4354 894 4419 posset
907 4367 924 4404 a
938 4356 999 4408 tam
1056 4348 1222 4404 clesiastica
1232 4347 1445 4420 dilapidatione
1453 4353 1616 4404 conventus
1626 4351 1656 4402 et
1666 4345 1701 4402 de
1712 4360 1802 4402 caasa
1817 4344 1880 4416 ipsa

175 4437 273 4512 gravis
289 4435 473 4492 infirmitatis
489 4433 557 4488 vitio
571 4433 713 4502 libcrari;
731 4441 760 4490 et
774 4441 807 4491 ut
830 4437 1000 4508 providere·
1016 4400 1040 4465 D
1055 4435 1383 4508 exstitissetplurimum
1394 4434 1878 4510 discepntumadiransaciionem

176 4543 243 4582 mus
259 4526 286 4582 ei
301 4541 391 4597 super
406 4523 578 4580 executione
595 4523 639 4580 sui
655 4523 755 4592 oflicii,
772 4527 889 4582 anobis
906 4528 1000 4584 humi·
1054 4527 1091 4582 de
1102 4527 1358 4599 utriusquepartis
1370 4542 1494 4582 assensu
1509 4524 1698 4599 postmodum
1714 4524 1875 4590 venientes,

175 4611 420 4687 literposiulavit.
431 4611 575 4678 Quoniam
587 4611 813 4684 igiturcauones
829 4621 999 4674 sanctorum
1054 4615 1294 4688 promisitdictus
1303 4616 1459 4688 episcopus
1468 4616 1641 4672 thesaurum
1651 4611 1878 4681 Ecclesiae,vide·

176 4706 297 4761 Petrum
314 4699 486 4775 hujusmodi
498 4717 515 4755 a
528 4699 604 4756 sacri
617 4701 719 4757 altaris
743 4701 1000 4764 administratione
1054 4705 1124 4761 licet
1147 4702 1293 4776 capellam
1319 4705 1519 4777 episcopalem
1542 4705 1758 4779 quinquaginta
1776 4701 1878 4758 uncias

175 4808 236 4851 non
252 4790 421 4864 prohibent,
430 4789 608 4845 fraternitati
626 4795 681 4844 tuas
693 4807 746 4862 per
756 4792 918 4864 apostolica
928 4796 1000 4850 scri·
1054 4794 1118 4852 auri
1135 4793 1308 4865 etamplius
1324 4793 1482 4864 valentem,
1499 4801 1528 4850 et
1540 4811 1655 4868 pannos
1668 4794 1779 4850 sericos
1801 4796 1875 4859 octo,

175 4887 226 4957 pta
240 4880 418 4940 mandamus
433 4884 590 4952 quatenus,
600 4879 624 4934 si
635 4879 676 4934 rei
691 4880 797 4938 veritas
812 4882 854 4938 ita
866 4901 896 4939 se
912 4884 1003 4944 habet
1054 4901 1122 4942 curn
1129 4881 1497 4957 privilegioeoclesiasticaa
1506 4883 1677 4941 libertitatis
1687 4883 1842 4940 restituere
1851 4887 1879 4937 et

175 4977 205 5028 et
218 4973 400 5028 memoratus
416 4964 537 5023 llichael
552 4967 626 5022 alias
641 4967 767 5024 idonens
782 4976 836 5038 est,
849 4977 881 5025 ut
896 4972 941 5028 sui
956 4971 1002 5028 os·
1055 4973 1878 5047 quasdamaliaadimplere,sioutinauthenticocoaptabo

176 5061 235 5118 dcii
255 5057 456 5115 ministerium
481 5061 671 5128 exsequatur,
692 5057 805 5114 nullius
834 5062 1002 5118 contradic·
1055 5062 1877 5136 prasentia'praedictipredecessorisnostriexindecou·

176 5153 256 5208 tione
271 5149 316 5205 rel
331 5145 533 5221 appellatione
548 5144 695 5214 obstante,
711 5149 886 5208 auctoritate
907 5151 1000 5208 fretas
1053 5153 1130 5210 lecto
1143 5154 1356 5210 etauctoritate
1367 5153 1447 5209 sedis
1457 5155 1812 5226 apostolicisconlirmato
1820 5153 1878 5225 ple·

175 5238 338 5312 apostolica
348 5235 473 5292 liberam
490 5233 515 5289 ei
532 5233 643 5290 tribuas
657 5235 839 5295 facultatem.
1054 5244 1123 5300 nius
1139 5243 1423 5308 commolentium
1446 5244 1677 5300 transactionem
1691 5259 1753 5300 non
1767 5243 1877 5300 curarit

212 5327 318 5383 Datum
334 5323 479 5392 Laterum,
496 5337 523 5378 rr
539 5322 608 5379 ldus
623 5321 785 5382 Februarii.
1054 5331 1377 5406 praedictusepisoopus
1387 5331 1877 5409 postmodumobserrarenecpra·

213 5505 251 5580 (3)
266 5503 299 5562 G.
309 5505 354 5560 Fa
363 5507 455 5575 ports,
471 5503 512 5560 lle
527 5516 650 5577 corpora
666 5501 785 5563 sitiatis.
