3918 6014
63 324 86 363 a
603 369 607 380 κ
764 295 885 352 sesua.
901 319 936 336 -·
950 293 1009 348 nu.
1025 292 1105 348 raca.
1743 309 1780 350 aa

60 433 209 500 cessande,
224 431 279 489 sub
294 429 450 502 apostolica
463 431 492 486 et
512 428 590 500 rogia
613 425 767 484 securitate
778 423 896 494 dirige·
911 421 940 487 A
955 419 1053 485 Porro,
1069 435 1185 477 oausam
1198 419 1290 490 ipsius
1301 417 1440 476 Dominus
1450 417 1600 490 iudicarit,
1615 418 1691 490 quis,
1718 427 1780 490 post
1843 411 1853 422 '

60 533 101 580 ,gg
130 522 310 594 sempeterni
336 521 400 577 loeo
421 520 457 576 ds
479 516 570 596 libera
599 517 741 573 voluntate
772 513 897 586 partium
953 515 1065 578 partum
1092 509 1213 578 graviter
1237 505 1392 575 infirmata,
1414 507 1542 563 debitum
1566 509 1662 564 carnis
1685 508 1778 565 exsol-

60 611 213 684 assignate
228 612 298 684 (83).
315 608 472 668 assuatavtt
493 614 598 672 autem,
623 608 658 662 da
682 604 771 661 libera
794 602 896 660 volun·
953 596 992 652 tit
1006 597 1074 668 (99).

61 711 118 758 aare
135 702 276 772 partiam,
290 699 417 756 Ostiensi
432 697 566 768 episcopo
580 695 639 766 (84)
658 697 692 750 ad
712 692 897 750 examinatio·
988 685 1324 758 incommonitum
1347 699 1396 741 rex
1420 699 1479 742 non
1504 689 1600 756 posset
1623 683 1721 742 lnduci
1744 694 1775 743 ut

60 807 131 848 nem
149 797 178 846 et
192 789 392 846 deleusioucm
407 801 500 844 cause
515 787 615 856 ipsios,
637 783 792 844 loannem.
821 779 897 836 tituli
950 773 1042 843 ipsam
1067 775 1195 846 reginam
1219 775 1302 831 vellet
1325 773 1450 830 maritali
1473 773 1624 830 allectione
1644 777 1775 846 tractare,

60 881 179 937 Sancte
205 877 313 934 Priscae
337 877 532 947 presbyterum
557 873 732 930 cardinalem
756 869 824 942 (85),
848 870 896 924 tn·
950 864 1088 934 assignati
1102 871 1167 919 sunt
1182 862 1251 918 certi
1266 862 1327 918 dles
1340 871 1368 918 et
1383 869 1476 918 certus
1489 861 1568 918 locus
1586 863 1621 917 ad
1647 876 1774 928 causam,

56 973 189 1040 iungens
205 969 367 1032 eidem,ut.
384 961 576 1021 assidentibus
591 961 645 1018 sibi
660 959 728 1015 siris
744 957 896 1028 religiosis,
950 949 980 1006 iu
1014 965 1070 1022 quo
1093 951 1168 1022 apud
1205 951 1400 1018 Suettiouem
1425 950 1613 1022 praesentibtts
1635 950 1775 1022 partibus,

60 1059 204 1114 litteratis
219 1063 249 1114 et
261 1055 395 1128 providis,
412 1067 526 1111 causam
541 1053 634 1124 ipsam
649 1048 835 1114 sufficienter,
851 1047 894 1101 di·
948 1039 1034 1094 umbo
1048 1039 1201 1096 interfuere
1217 1037 1311 1110 legati,
1336 1053 1433 1096 coram
1456 1039 1559 1110 quibus
1582 1054 1666 1096 cauas
1689 1041 1776 1112 coepit

60 1151 189 1216 tigeater
205 1159 240 1201 ac
255 1147 395 1216 patienter
410 1140 572 1199 examinare
586 1145 729 1200 curarent,
750 1136 842 1192 taliter
865 1135 895 1189 ia
949 1141 1001 1184 suo
1017 1137 1107 1184 marta
1121 1129 1236 1184 tractari
1251 1127 1326 1199 (91);
1342 1136 1381 1194 et,
1399 1127 1465 1185 licet
1480 1144 1529 1184 rex
1544 1128 1638 1198 plures
1660 1134 1688 1186 et
1711 1145 1772 1186 ma·

59 1235 162 1292 verbis
176 1241 206 1288 et
220 1232 367 1304 operibus,
382 1237 411 1296 st
423 1231 489 1286 atila
503 1227 728 1286 circumstantiis
742 1241 772 1282 sa
788 1224 895 1281 baben·
945 1216 1025 1286 1⁰¹⁰!
1038 1218 1188 1274 lt¹V⁰⁰l¹¹⁰⁸
1205 1217 1334 1284 hlbflfflb
1350 1231 1408 1273 ¹¹⁰ss
1425 1225 1519 1273 494999
1535 1217 1624 1274 (1991))
1638 1218 1698 1290 99),
1713 1234 1777 1290 940·

59 1333 115 1392 tas,
134 1331 167 1380 ut
182 1319 266 1378 nulls
279 1323 315 1378 de
328 1320 400 1392 ipsis
415 1325 507 1390 posset
526 1317 651 1389 suspicio
674 1314 808 1381 suboriri,
833 1313 893 1384 sed,
950 1316 1014 1378 pter
1029 1312 1130 1374 Deum,
1144 1306 1263 1364 uerbum
1280 1308 1383 1364 taceret
1407 1308 1567 1378 intrepidus
1590 1324 1641 1380 pro
1664 1310 1772 1380 regina.

58 1414 136 1483 juris
157 1411 265 1469 ordine
288 1424 339 1480 per
361 1409 461 1466 omnia
482 1406 639 1474 observato,
664 1405 845 1461 securitatem
866 1406 895 1460 et
949 1395 1055 1453 videns
1068 1411 1135 1453 raro
1148 1411 1198 1452 rer
1214 1396 1292 1469 quod
1307 1411 1410 1468 parum
1423 1395 1777 1468 proficerol,cumdiabus

60 1502 231 1557 libertatem
246 1499 320 1569 parti
333 1497 492 1568 saepedicta
507 1493 614 1564 regina
627 1509 677 1565 per
691 1492 788 1548 omnia
803 1492 897 1562 prori-
947 1485 1055 1558 aliquot
1069 1487 1215 1557 litigasset,
1230 1487 1397 1557 indignatus
1412 1487 1539 1557 recessit,
1555 1484 1657 1544 nolens
1680 1503 1777 1546 coram

60 1593 175 1658 dentes,
191 1601 312 1645 causam
325 1587 428 1658 ipsam,
451 1585 593 1642 mediante
614 1581 734 1654 iustitia,
759 1581 893 1638 termina·
948 1575 1018 1644 ipsis
1034 1572 1132 1646 legatis
1147 1575 1266 1632 ulterius
1280 1575 1401 1644 litigare.
1428 1575 1564 1632 Summus
1584 1585 1680 1634 autem
1705 1593 1774 1648 pou·

63 1685 141 1738 mg,
949 1663 1031 1733 tiles,
1046 1663 1098 1720 etsi
1114 1678 1260 1734 nunquam
1278 1665 1401 1732 potuerit
1415 1678 1511 1732 regem
1526 1665 1663 1723 inducere
1678 1670 1711 1722 ut
1730 1667 1774 1738 ip·

95 1769 158 1840 (gg)
175 1768 381 1824 pmpggqugqgt
399 1762 538 1820 osnengi.
557 1761 709 1834 episeopus
732 1759 891 1818 seeundum
949 1766 1010 1807 sam
1034 1752 1162 1818 reginam
1184 1751 1325 1822 diligeret,
1349 1767 1498 1824 nunquam
1523 1761 1618 1810 tamon
1647 1755 1776 1812 cessabat

62 1858 140 1915 banc
156 1857 283 1920 termam
297 1855 331 1910 ad
348 1867 441 1924 regem
456 1851 641 1920 Francorum,
657 1856 695 1920 et,
707 1855 764 1904 tam
774 1848 810 1904 ab
820 1849 893 1920 lpso,
950 1855 1029 1896 nuno
1043 1841 1100 1912 (92)
1116 1839 1238 1908 blandis,
1250 1855 1329 1898 nune
1344 1841 1402 1912 (92)
1417 1841 1528 1914 asperis
1543 1857 1624 1913 agere
1638 1845 1713 1918 apud
1728 1844 1774 1915 ip-

59 1962 148 2018 qnam
160 1946 201 2002 ab
216 1945 280 2016 ejus
294 1941 475 2013 magnatibus
490 1939 646 1996 bonoritioe
666 1952 701 1995 aa
724 1937 826 1994 darete
849 1952 893 1994 re·
947 1945 1022 1996 sum,
1036 1938 1068 1985 ¹1¹
1086 1944 1149 1986 edm
1174 1931 1276 1987 4199494
1300 1931 1433 2000 4994Ιί494
1457 1931 1600 1998 90410449),
1618 1931 1775 1990 0041801440·

60 2037 175 2099 septus,
192 2027 264 2083 iecit
277 2023 419 2096 imprimis
432 2021 489 2090 (87)
504 2019 633 2078 ecclesiis
647 2026 674 2076 et
691 2017 895 2076 ecclesiasticis
948 2019 1004 2074 rias
1027 2027 1054 2075 et
1076 2017 1294 2075 confortatorias
1319 2017 1376 2090 (93)
1400 2020 1427 2075 ei
1451 2017 1558 2077 litteras
1581 2035 1656 2090 sape
1681 2029 1775 2080 traus-

61 2117 130 2171 rtris
146 2115 185 2172 de
201 2112 318 2170 damnis
332 2117 359 2168 et
373 2108 489 2182 injuriis
504 2107 635 2165 satisfieri
649 2111 848 2178 congruenter,
860 2121 894 2163 ac
947 2106 1064 2163 mittens
1080 2105 1149 2176 (94),
1164 2113 1193 2162 et
1215 2121 1265 2178 per
1287 2106 1416 2178 proprios
1439 2108 1556 2164 nuntios
1580 2123 1642 2166 eam
1667 2110 1774 2169 taciens

60 2206 167 2262 deinde
183 2205 316 2274 remmam
331 2201 367 2257 de
382 2199 455 2269 loco,
474 2198 505 2255 in
520 2213 575 2270 quo
590 2199 691 2264 iuerat,
707 2197 741 2252 ad
753 2196 894 2268 quoddam
947 2195 1065 2265 rlsltari,
1081 2195 1117 2253 de
1137 2195 1370 2268 contingentibus
1393 2196 1468 2254 nibil
1493 2196 1639 2268 omittens,
1664 2199 1775 2258 etiamsi

62 2294 158 2365 regale
171 2299 301 2350 castrum
319 2289 433 2356 adduci,
456 2287 516 2358 ubi,
540 2285 728 2359 presentibus
751 2284 894 2357 areblapl·
947 2286 1007 2358 regi
1023 2284 1180 2356 plurimum
1197 2283 1370 2356 displiceret.
1385 2283 1457 2342 Nam
1472 2287 1572 2344 eadem
1590 2287 1688 2359 regina
1704 2306 1773 2346 con·

62 2383 159 2452 scopis
182 2391 214 2438 et
237 2379 377 2451 episcopis
402 2377 539 2448 regnique
563 2375 753 2446 magnatibus,
780 2379 808 2431 et
834 2378 893 2430 ιιιιι
946 2374 1116 2446 querebatur
1130 2389 1160 2432 se
1175 2375 1265 2444 magis
1279 2389 1342 2432 esse
1356 2375 1562 2433 incarceratam
1584 2393 1670 2448 quarn
1694 2380 1774 2435 resti-

62 2473 134 2528 oteri
158 2485 250 2543 quam
277 2465 377 2540 populi
407 2465 589 2522 multitudiue
613 2463 740 2536 copiosa,
769 2478 829 2534 res,
857 2463 892 2520 ad
947 2468 1035 2519 tutam
1049 2482 1057 2532 ;
1073 2478 1149 2533 oum,
1165 2463 1219 2520 etsi
1236 2464 1326 2519 rexin
1342 2464 1415 2520 rictu
1432 2472 1459 2521 et
1479 2465 1578 2522 vestitu
1603 2473 1773 2539 competan-

62 2560 235 2616 nzandatum
252 2556 347 2624 legati,
364 2555 491 2626 reginam
509 2553 627 2625 recapit,
645 2553 753 2609 iaciens
775 2551 806 2609 in
829 2552 893 2609 ani·
946 2557 990 2608 ter
1004 2552 1030 2608 ai
1046 2552 1150 2610 laceret
1170 2552 1321 2623 provideri,
1342 2553 1413 2610 adeo
1436 2560 1530 2612 tamen
1554 2563 1631 2612 arcte
1654 2555 1774 2614 iaciebat

62 2665 141 2706 mum
155 2663 242 2704 suam
255 2647 420 2718 juramento
439 2643 557 2710 firmari,
572 2643 647 2713 quod
662 2641 817 2699 honorilice
831 2657 893 2700 mm
947 2657 1010 2698 eam
1024 2641 1098 2712 apud
1111 2640 1239 2712 stampas
1253 2641 1285 2698 iu
1300 2641 1378 2710 regio
1401 2642 1506 2711 palatio
1527 2643 1673 2713 custodiri,
1697 2648 1771 2716 qnod

63 2747 92 2793 ut
117 2736 254 2807 reginam
278 2736 418 2801 tractaret,
434 2737 461 2788 et
484 2729 591 2801 absque
617 2729 726 2801 judicio
758 2729 894 2788 Ecclesiae
947 2744 1001 2786 uec
1015 2730 1076 2800 ipsa
1092 2727 1306 2800 permittebatur
1320 2729 1406 2800 exire,
1423 2745 1477 2788 uec
1490 2729 1771 2803 quisquamadaam,

64 2841 122 2882 oon
138 2825 309 2881 dimitteret.
326 2821 358 2878 ttt
372 2820 488 2890 sioipse
502 2819 609 2889 legatus
624 2819 796 2877 seutentiam
810 2820 895 2876 iuter·
947 2818 1004 2874 nisi
1027 2833 1101 2881 raro,
1126 2817 1343 2888 permittebatur
1372 2816 1488 2889 intrare,
1516 2821 1613 2892 sicque
1639 2821 1772 2879 manebat

60 2915 142 2983 dicti,
158 2927 225 2984 qua
239 2926 289 2982 par
302 2914 367 2966 octo
383 2923 497 2964 mensas
510 2907 670 2979 duraverat,
680 2906 893 2966 relaxavitoum
946 2909 1065 2964 omuino
1080 2905 1182 2964 solatio
1197 2906 1330 2963 destituta
1345 2905 1414 2979 (95).

64 3001 156 3060 multo
171 2999 278 3068 gaudio
292 3005 320 3055 et
334 2997 473 3070 applausu
490 2995 558 3068 (88).
983 2996 1053 3052 bVl.
1070 2996 1193 3064 iuterna,
1209 2999 1327 3056 vacante
1343 2995 1495 3069 metropoli
1516 2998 1690 3067 bononensi,
1713 3004 1772 3058 Διι-

96 3093 152 3149 Sed
170 3088 309 3148 nonnulli
338 3085 393 3144 albi
416 3089 611 3154 detraxerunt,
635 3088 721 3158 qnod,
744 3087 893 3158 apostolici
946 3085 1159 3142 tisslodorensis
1178 3085 1328 3156 episcopus
1352 3085 1408 3157 (96)
1432 3085 1469 3142 ab
1493 3087 1626 3145 uniuerso
1649 3089 1773 3160 capitolo

66 3179 196 3238 mandati
212 3179 306 3235 torma
319 3175 460 3246 neglecta,
476 3176 506 3232 in
530 3174 700 3247 quibusdam
726 3173 891 3247 superlicio·
906 3161 932 3230 G
946 3173 1121 3232 unanimiter
1136 3181 1178 3230 est
1192 3174 1310 3242 electus,
1326 3189 1392 3244 rega
1401 3190 1484 3232 suurn
1497 3175 1641 3246 praebente
1650 3193 1774 3236 cousen-

65 3269 128 3326 liter
143 3267 335 3340 processisset
349 3264 417 3337 (89),
435 3263 668 3335 superinductam
683 3271 779 3321 autern
805 3281 852 3322 rex
874 3282 891 3321 a
946 3279 1020 3334 sum,
1037 3262 1173 3334 missique
1187 3268 1254 3318 sunt
1268 3263 1363 3318 nuntii
1384 3262 1567 3321 honorabiles
1589 3273 1616 3321 et
1631 3265 1774 3325 solemnes

64 3366 122 3417 suis
137 3355 285 3428 separavit
298 3352 495 3425 amplexibns;
511 3353 560 3410 sed
576 3371 592 3408 a
606 3353 686 3424 regui
705 3353 811 3410 linibus
832 3369 891 3412 uon
945 3352 1182 3410 adobtinendam
1198 3350 1426 3420 translationem,
1442 3357 1470 3408 et
1486 3351 1604 3424 pallium
1620 3355 1776 3427 impetran-

64 3447 200 3518 exclusit,
216 3445 284 3516 quia
306 3443 421 3516 grauida
444 3450 514 3510 arat,
529 3450 557 3500 at
579 3442 672 3514 partui
696 3443 755 3513 iam
779 3442 886 3502 uicina.
944 3443 1023 3498 dnm.
1041 3439 1139 3507 Porro,
1151 3454 1284 3496 summus
1300 3440 1426 3511 pontiiax
1440 3443 1594 3513 prudenter
1615 3446 1769 3503 attendens

97 3627 157 3696 (83)
171 3625 278 3684 mater
300 3622 452 3697 epistolam
470 3620 503 3678 46
518 3619 582 3676 libri
602 3619 689 3676 tertii.
716 3620 746 3677 0.
772 3619 891 3679 Ostiensi
944 3641 1003 3683 nou
1017 3623 1157 3697 pervenit,
1172 3639 1237 3680 oum
1252 3623 1361 3680 Pascha
1375 3623 1509 3682 inciderit
1524 3626 1552 3682 iu
1563 3625 1639 3683 diem
1650 3628 1767 3686 tiliar-

64 3701 206 3770 episeopo,
221 3695 372 3765 siuadntu,
387 3695 418 3751 iu
442 3709 496 3764 qua
537 3691 645 3774 ontilex
668 3691 805 3748 mandata
829 3709 890 3765 quse
945 3697 986 3754 tii.
1012 3696 1091 3764 Quod
1112 3696 1148 3753 de
1167 3695 1263 3764 ignoto
1285 3694 1389 3752 clerico
1412 3705 1508 3753 narrat
1532 3701 1551 3750 t
1576 3697 1751 3757 uicinctiuus

66 3773 145 3842 prins
159 3769 290 3852 denerat,
305 3775 332 3822 at
347 3765 499 3850 dequibus
516 3709 562 3819 iic
576 3773 677 3846 agatur,
692 3765 811 3846 repetit..
944 3765 1502 3836 conteutitcuunGestistnnoaentli,in
1532 3713 1766 3830 uiisuesiobabol
1819 3835 1824 3846 ,

98 3839 158 3913 (84)
175 3840 319 3896 lnccdrce
328 3835 526 3902 vallicellano,
537 3835 661 3902 addatur,
676 3834 711 3891 od
725 3835 891 3894 desistentem
945 3849 990 3896 tur
1006 3857 1012 3895 :
1028 3841 1072 3906 ds,
1087 3837 1151 3896 licet
1162 3853 1212 3894 ree
1224 3838 1354 3910 plureset
1365 3840 1482 3912 majores
1492 3784 1634 3898 uincentes
1643 3843 1765 3913 iuberet,

67 3911 150 3970 dod.
424 3979 430 3990 ,
520 3977 526 3990 ¹
643 3977 649 3989 Ι
944 3928 999 3968 saon
1014 3919 1105 3968 tomen
1119 3910 1206 3980 defuit
1219 3909 1279 3982 qai,
1295 3915 1408 3982 propter
1421 3911 1517 3981 Deam,
1532 3911 1644 3970 umboni
1661 3917 1767 3986 laceret

98 3983 155 4054 (85)
173 3987 215 4038 De
229 3981 282 4038 isto
297 3980 409 4052 agimus
422 3993 453 4036 ιιι
468 3985 543 4035 notis
555 3977 589 4033 ad
605 3977 754 4049 epistotam
771 3977 805 4033 45
825 3978 891 4035 libri
945 3983 1100 4055 intrepidos
1113 3998 1162 4055 pro
1181 3984 1287 4054 rapina.
1311 3981 1408 4052 Neque
1433 3992 1532 4040 contra
1556 3995 1660 4057 pugnat
1682 3988 1769 4058 lloge·

68 4057 150 4113 tertii.
564 4121 568 4132 ,
686 4119 692 4132 ‚
825 4119 831 4132 ,
946 4054 1295 4124 rius,dumaitadluissa
1317 4054 1476 4126 episcopos,
1502 4054 1641 4128 aliosque,
1665 4059 1768 4116 missos

99 4127 157 4208 (86)
173 4123 352 4206 §celeranda
367 4120 487 4194 epistola
502 4119 536 4175 t5
550 4118 615 4204 labri
631 4120 715 4191 tertul,
737 4121 891 4190 Oetuosoni,
946 4127 1097 4191 aCanuto,
1114 4126 1256 4209 Dacorum
1272 4139 1345 4195 rogo.
1363 4126 1413 4196 qui
1437 4127 1543 4197 regina
1566 4144 1682 4186 causam
1705 4137 1769 4188 tue-

67 4193 616 4340 tettllt‘mtntlttltlsttt
629 4190 793 4334 {liliam
820 4263 893 4323 fara.
948 4195 1639 4339 tt?illiti,‘'titttitlti,illiti
1658 4201 1769 4340 titiis

69 4351 178 4396 rantur.
572 4405 577 4416 Ι
948 4355 1062 4398 causam
1077 4339 1167 4410 agisse
1189 4339 1275 4395 relart
1298 4340 1493 4410 aquicinctus.
1522 4362 1537 4390 n
1564 4341 1661 4399 adnot.
1687 4343 1769 4403 datr.

99 4412 158 4482 (88)
175 4409 318 4466 Hactenus
332 4408 363 4463 iu
379 4404 499 4478 epistola
515 4404 627 4462 15lrbri
642 4405 726 4461 tertii.
744 4405 893 4475 Caeterum,
949 4413 1100 4478 cossanum,
1124 4409 1160 4466 od
1185 4409 1287 4466 concil.
1311 4410 1464 4478 llordot'ns,
1488 4412 1544 4468 rol.
1571 4414 1618 4483 Vl,
1643 4425 1715 4487 part.
1739 4434 1769 4486 ιι,

67 4481 127 4540 baec
141 4482 242 4540 omnia
256 4487 318 4536 acta
332 4486 401 4534 suut
419 4479 449 4534 in
472 4476 596 4535 concilio
619 4476 788 4550 Nigollcnsi,
812 4479 890 4535 cele·
951 4483 1006 4540 eol.
1024 4483 1102 4537 1966.

69 4555 144 4611 brato
159 4553 198 4608 ab
213 4551 378 4621 Octauiano,
393 4547 517 4606 Ostiensi
532 4550 797 4630 episcopo,'monse
822 4539 933 4622 sep-D
984 4555 1040 4626 (93)
1065 4553 1175 4610 Nune...
1202 4567 1294 4622 naam
1321 4552 1363 4610 sic
1385 4554 1416 4610 iu
1441 4553 1540 4612 codice
1561 4554 1769 4629 Valllcellano;

70 4625 183 4691 rembri,
200 4623 292 4692 pridie
310 4620 470 4678 Natiuitatis
495 4623 526 4674 B.
552 4619 647 4676 ldariae
670 4619 710 4691 (td
733 4628 781 4688 est,
806 4621 851 4678 die
874 4621 891 4673 7
946 4627 1019 4698 apud
1037 4625 1266 4692 Beluaium,neo.

69 4696 174 4754 mensis
189 4693 387 4764 Septembris),
403 4708 451 4748 sn.
472 4690 553 4758 t200,
572 4691 605 4748 ln
628 4706 683 4774 quc
708 4691 892 4749 interdictum
982 4697 1040 4766 (93)
1054 4695 1280 4762 confortatorius.
1296 4694 1344 4752 Sic
1358 4695 1432 4766 apud
1447 4694 1609 4768 saluatum
1627 4699 1657 4757 ln
1672 4701 1773 4759 codioa

70 4769 165 4824 Gallim
190 4763 329 4832 solutum,
355 4764 550 4834 indictumque
579 4763 734 4820 concrltunt
762 4763 891 4820 Suessio-
947 4766 1341 4832 Valllcellanr,lsortotorics.

72 4855 168 4903 nense,
185 4835 235 4892 nbi
250 4836 286 4892 de
305 4837 382 4906 regio
407 4833 589 4891 matrimonio
611 4834 796 4904 judicaretur.
822 4837 894 4892 Vide
982 4839 1040 4910 (94)
1066 4838 1168 4896 Conier
1192 4835 1325 4908 epistolas
1349 4836 1414 4892 libri
1437 4838 1551 4906 quinti;
1576 4840 1621 4911 49,
1648 4843 1774 4900 demensi

74 4909 183 4968 concil.
196 4905 336 4964 Har-duic.
353 4903 410 4962 vol.
425 4904 473 4972 vt,
489 4914 561 4977 part.
579 4921 610 4975 tr,
625 4905 681 4961 ccl.
697 4905 777 4961 1963.
949 4909 1167 4983 archiepiscopo,
1184 4909 1211 4966 S.
1228 4911 1259 4966 tt.
1277 4907 1507 4965 coordinatis.
1527 4911 1557 4966 S.
1583 4914 1690 4985 tequam
1715 4917 1773 4971 dat,

102 4983 156 5050 (89)
173 4979 310 5036 Contere
330 4975 440 5034 istolaru
459 4978 492 5034 tn
514 4975 581 5033 libri
604 4977 689 5048 tertii,
717 4976 747 5036 0.
775 4975 895 5034 Ostiensi
951 4980 1091 5053 Laterani,
1108 4998 1139 5037 ιιι
1153 4980 1227 5038 Non.
1243 4979 1327 5048 tutti;
1342 5009 1376 5020 -
1389 4981 1435 5046 50.
1451 4981 1510 5052 repi
1524 4986 1776 5053 Francos-ammius

73 5057 204 5124 metopo,
220 5051 252 5106 Α.
268 5049 296 5106 S.
310 4995 490 5130 iccatasiue
504 5047 578 5104 doto.
949 5053 1025 5110 eata,

104 5125 158 5193 (99)
175 5121 257 5179 06444
270 5120 346 5178 ciroa
360 5121 474 5176 initium
489 5120 559 5176 auni
574 5118 653 5176 1201.
743 5189 772 5202 ..
988 5123 1044 5197 (95)
1063 5122 1167 5180 contar
1185 5123 1333 5194 epistolam
1357 5121 1394 5178 85
1420 5122 1487 5180 libri
1510 5127 1592 5197 souti,
1617 5127 1777 5198 inpedcrpt's

103 5195 159 5268 tat)
175 5216 191 5243 a
210 5191 300 5264 Aprili
321 5191 449 5250 bibitum
474 5198 568 5247 narrat
596 5190 648 5247 boo
667 5187 823 5247 couctlrum
848 5190 895 5246 lli·
950 5194 1055 5265 regine
1069 5195 1233 5321 otfnpom,
1247 5195 1309 5250 sins
1323 5195 1398 5250 data.

75 5267 196 5332 gurdon
212 5263 350 5334 ltogerius
365 5278 430 5320 sero
445 5269 472 5320 at
487 5260 646 5342 monachus
663 5261 895 5344 Aquiniuctiuua,
988 5267 1045 5336 (96)
1073 5264 1108 5322 Vt

75 5339 167 5396 ttartio
184 5355 192 5392 ε
210 5333 324 5399 mallus,
341 5335 364 5390 sl
380 5334 498 5392 concilii
512 5342 624 5405 spectes
638 5333 741 5402 rnitta;
757 5333 896 5390 indictum
952 5339 1089 5408 episcopo,
1106 5339 1136 5392 Α.
1151 5335 1180 5392 S.
1198 5338 1295 5408 tepoto,
1312 5355 1366 5408 quo
1388 5336 1649 5396 antissiodorensem
1673 5342 1778 5412 episco-

75 5411 145 5465 enim
161 5415 205 5466 est
221 5415 284 5478 post
298 5423 349 5464 sex
362 5421 478 5462 mansas
491 5420 577 5477 quarn
593 5403 721 5460 habitum
735 5412 778 5460 est
799 5405 897 5476 Nigel-
950 5425 1018 5480 pum
1032 5425 1049 5464 c
1063 5425 1109 5465 sus
1127 5410 1247 5466 ansonis
1259 5411 1398 5466 sententio
1412 5405 1542 5475 absoluit,
1561 5411 1662 5482 reiecto
1685 5422 1778 5470 tomen

77 5480 160 5546 leuse,
197 5479 273 5547 quod
306 5476 390 5560 initio
425 5476 598 5548 Septembris
627 5475 801 5554 celebratum
845 5485 896 5532 est.
952 5479 1089 5551 ipsiusod
1103 5426 1704 5551 ieaoaaasemarcttaptscopomatestinum
1719 5485 1779 5542 dat.

78 5553 192 5616 deinde,
204 5549 433 5620 Ouedragesrmae
447 5556 573 5634 tempore
590 5545 720 5602 babrtum
743 5548 781 5604 alt
808 5547 900 5619 Roga·
953 5553 1096 5620 Laterani,
1113 5553 1153 5608 ld.
1169 5551 1349 5625 Nouembris,
1364 5567 1411 5607 an.
1427 5565 1458 5606 ιιι
1474 5549 1514 5620 (id
1533 5559 1574 5609 est
1594 5555 1686 5629 1209).
1711 5555 1781 5615 Vide

77 5625 140 5682 nus.
155 5629 203 5690 st,
220 5621 275 5680 boa
289 5635 377 5692 anno,
393 5620 429 5678 ad
441 5618 571 5692 Aprilem
582 5617 900 5691 usqueQusdsagosima
954 5623 1040 5681 etiam
1055 5639 1088 5682 ea
1103 5639 1166 5694 qua
1180 5623 1221 5680 lbi
1235 5626 1367 5682 adnotata
1381 5627 1458 5680 suut.

1129 5281 1144 5322 e
1172 5267 1320 5336 epistotam
1348 5265 1384 5322 20
1407 5265 1472 5322 libri
1507 5267 1625 5337 tertii,0.
1660 5267 1779 5326 Ostiensi
