3952 6062
85 309 142 367 dl3
613 313 866 370 rounncnrus
885 313 982 372 Adue
1001 315 1036 384 11,
1057 317 1196 375 annisu
1216 321 1295 377 llus.
1747 323 1800 378 tlt

86 437 152 494 lum
166 435 336 493 mendicare
352 435 405 494 sed
417 435 518 494 fodere
534 441 563 494 et
572 439 681 496 servire
695 439 805 498 iudeis
815 440 846 496 in
856 441 909 496 Ec·
922 448 956 517 Α
968 441 1020 498 sed
1035 449 1218 502 commutare
1233 445 1332 517 potins
1340 445 1503 516 videamur,
1512 444 1626 502 dictum
1636 461 1734 520 regem
1748 449 1799 506 Le·

87 526 918 604 clesiaeettotiusGhristianitatisopprobriumcogeban-
970 531 1799 608 gionenetmomoretemfiliamregisflastellaeacomnes

88 622 149 675 tur.
165 615 327 672 Videbatur
340 620 441 674 autem
455 615 578 674 difficile
590 617 728 691 petitioni
745 634 849 676 eorum
864 635 919 674 un·
970 622 1149 695 principales
1156 641 1258 682 eornm
1265 625 1799 683 consiliariosetfantoresexcommn·

88 724 195 777 nuere,
212 711 242 763 et
256 708 434 764 sententiam
449 725 485 764 ex
496 708 606 777 animo,
616 709 720 766 ordine
731 714 761 766 et
774 710 919 766 causala·
970 711 1797 782 nicationiscurnvimussententiainnodare3mandantes

88 805 154 855 tam
169 798 312 854 canonice
325 797 391 854 sine
406 797 608 855 satisfactione
623 815 753 873 congrua
771 799 916 856 relaxare.
970 806 1002 856 ut
1016 801 1053 858 ad
1068 819 1277 876 quamcunque
1292 805 1450 874 civitatem,
1465 804 1618 878 oppidum,
1633 805 1680 862 vel
1695 805 1795 864 villam

87 891 130 944 Ex
144 889 245 945 animo
260 888 426 959 siquidem:
442 889 523 960 quia,
539 889 616 945 sicnt
630 891 707 946 Dens
721 889 858 961 perhibet
872 895 917 945 te·
969 891 1151 962 devenerint,
1175 894 1275 950 nullus
1298 895 1409 951 ibidem
1423 895 1465 951 eis
1480 895 1675 966 praesentibus
1696 895 1795 952 divine

86 979 264 1036 stimonium
279 979 469 1035 conscientie
479 983 600 1048 nostrae,
611 978 648 1035 ad
659 980 783 1036 hocnon
794 980 852 1036 nisi
863 981 915 1053 ju·
968 990 1129 1053 presumat
1149 984 1247 1040 officia
1263 985 1424 1041 celebrere.
1446 986 1528 1041 bioto
1543 990 1644 1042 entem
1658 986 1720 1059 regi
1735 987 1792 1042 Ga·

85 1069 177 1126 stitim
193 1070 401 1126 ethonestatis
420 1069 543 1126 obtentu
559 1071 758 1143 processimus
772 1089 780 1137 ;
796 1087 863 1126 cum
880 1087 915 1126 ex
968 1072 1062 1128 stellas
1089 1080 1119 1130 et
1141 1075 1265 1130 chariss.
1284 1075 1315 1132 in
1330 1076 1445 1131 Christo
1466 1074 1535 1132 filies
1547 1081 1668 1142 nostro,
1683 1075 1794 1149 reginas

84 1161 236 1217 contrario
251 1160 350 1233 potius
365 1165 468 1217 contra
482 1177 537 1216 nos
557 1161 627 1216 oriri
651 1160 845 1233 praesumptio
861 1177 916 1233 po·
967 1162 1051 1217 uxori
1074 1163 1149 1235 ejus,
1175 1163 1313 1220 dabimus
1337 1165 1367 1220 in
1394 1165 1543 1222 mundatis
1568 1170 1601 1222 ut
1620 1165 1698 1238 quod
1713 1171 1795 1222 stent

84 1253 203 1321 tuisset,
216 1253 240 1308 si
252 1259 311 1312 tam
323 1251 619 1308 detestabilefacinus
629 1252 817 1308 duxissemus
825 1251 856 1306 in
865 1267 914 1329 pa·
966 1251 1115 1308 mendatis
1131 1254 1241 1310 nostris
1252 1254 1431 1326 juratoriam
1443 1254 1602 1311 exhibeant
1612 1255 1793 1324 cautionem,

82 1340 192 1398 tientia
201 1341 400 1398 tolerandum.
414 1343 456 1396 lix
465 1340 569 1398 ordine
581 1357 589 1398 ε
602 1339 672 1414 quia
682 1339 913 1397 dictusfraterll
967 1341 1045 1396 etvel
1056 1342 1260 1414 exprimentia
1262 1344 1436 1416 juramento
1443 1343 1523 1416 quod
1530 1343 1568 1401 ad
1574 1343 1794 1402 dissolvendam

82 1434 155 1501 post
164 1430 413 1487 commonitiones
421 1435 452 1486 et
461 1429 620 1486 dilationes
631 1428 913 1502 legitimas,tendem
967 1431 1026 1485 tam
1042 1429 1229 1504 illegitimam
1245 1433 1383 1505 copulam
1399 1433 1471 1488 dent
1491 1449 1612 1506 operam
1629 1434 1792 1506 efficacem,

81 1519 634 1591 districtionepercussitecclesiastica
644 1523 859 1575 contumacem.
872 1519 913 1574 Ex
964 1519 1011 1574 vel
1026 1517 1055 1574 id
1071 1536 1126 1576 nos
1142 1520 1184 1578 eis
1200 1521 1344 1580 faciemus
1358 1523 1491 1594 praestito
1511 1523 1683 1594 juramento
1707 1540 1794 1580 man·

80 1625 186 1678 cansa,
200 1607 336 1682 exemplo
346 1607 445 1664 divino
452 1607 589 1664 videlicet
599 1613 628 1664 et
638 1607 770 1664 hnmano
782 1625 788 1663 :
801 1607 910 1676 divino,
965 1607 1047 1676 deri3
1064 1625 1120 1666 neo
1132 1611 1282 1668 credimus
1298 1610 1378 1684 quod
1392 1629 1483 1684 super
1494 1613 1550 1669 hoc
1560 1629 1591 1670 se
1603 1613 1792 1686 aliquatenus

81 1699 158 1770 quie
173 1715 240 1754 curn
255 1697 345 1755 David
360 1698 391 1754 in
404 1698 505 1771 populi
526 1697 733 1754 numeratione
748 1701 911 1768 peccasset,
963 1696 1050 1754 nobis
1079 1699 1239 1758 exhibeant
1258 1705 1459 1770 contumaces,
1480 1718 1549 1758 cum
1573 1702 1653 1774 quod
1677 1708 1792 1760 starent

81 1788 229 1845 Dominus
244 1788 275 1843 in
289 1787 432 1860 populum
445 1787 570 1844 vssesui
580 1785 690 1843 furoris
700 1785 814 1854 effudit,
830 1785 908 1842 unde
923 1815 950 1882 B
964 1787 1113 1844 mandetis
1128 1789 1278 1858 Ecclesiae,
1294 1790 1325 1846 in
1340 1789 1478 1846 manibus
1493 1791 1627 1862 predicti
1638 1791 1739 1848 fratris
1754 1794 1787 1849 li.

80 1877 263 1935 idemllavid
273 1877 382 1934 dixisse
393 1877 510 1950 legitur,
521 1880 676 1949 peccatum
685 1891 772 1931 sunm
783 1875 908 1931 Domino
963 1877 1053 1946 (siout
1067 1894 1102 1934 ex
1126 1877 1234 1934 litteris
1258 1879 1393 1951 ejusdem
1416 1880 1494 1952 regis
1515 1881 1648 1952 apparet)
1664 1881 1791 1938 firmiter

77 1967 252 2024 confitendo
267 1983 274 2022 :
289 1969 348 2038 Epo
361 1983 421 2024 sum
435 1969 484 2038 qui
494 1969 617 2038 peccaut,
629 1981 677 2036 eqo
690 1967 739 2036 qui
751 1967 906 2037 iniqneeei.
962 1966 1171 2038 promisissent
1185 1973 1214 2024 et
1225 1967 1443 2040 impendissent
1457 1985 1577 2026 causam
1590 1969 1789 2028 sufficientem

75 2058 141 2127 Isti,
157 2059 206 2128 qut
220 2073 279 2113 oues
293 2063 366 2126 sunt,
390 2058 459 2128 quid
480 2059 627 2126 fremunt?
649 2057 815 2125 defeatur,
832 2056 908 2112 obse·
961 2055 1000 2112 nd
1015 2055 1152 2128 copulem
1172 2056 1344 2130 hujusmodi
1366 2057 1644 2115 consummandam.
1666 2059 1749 2124 Quod
1765 2059 1789 2116 si

75 2163 140 2217 cip,
150 2148 235 2216 {ecies
250 2152 308 2215 tua,
323 2147 449 2214 Domine,
463 2163 481 2201 a
489 2147 595 2218 populo
606 2153 652 2202 tuo
675 2147 717 2218 (ll
738 2147 804 2216 ltep.
829 2161 905 2214 xxiv,
961 2144 1073 2213 forsan,
1089 2144 1169 2217 quod
1184 2162 1244 2202 non
1259 2145 1418 2216 credimus,
1441 2146 1590 2205 mandatis
1604 2147 1715 2203 nostris
1730 2165 1789 2206 no-

76 2236 124 2306 17)
135 2235 281 2302 3humcuo
294 2234 908 2309 :cumjandimuspredecessornoster,nt
962 2233 1073 2289 luerint
1083 2234 1215 2303 obedire,
1232 2235 1312 2306 ipsos
1326 2241 1355 2290 et
1369 2234 1550 2307 principales
1571 2251 1673 2290 eorum
1691 2236 1790 2292 consi-

75 2341 141 2380 non
152 2325 238 2398 longe
249 2324 535 2397 petanturexempla
545 2324 742 2397 inpraedictos
753 2321 905 2396 Portugel·
961 2322 1063 2379 lierios
1079 2329 1109 2379 et
1122 2323 1254 2380 fautores
1271 2323 1521 2380 excommunicari
1535 2322 1746 2382 mandabimus
1761 2330 1791 2381 et

74 2413 128 2470 liae
142 2418 171 2470 et
185 2415 342 2487 legionen.
355 2429 440 2488 reges
454 2419 484 2470 et
497 2428 588 2487 regna
602 2414 736 2486 ipsorum
750 2411 906 2484 predictas
962 2428 1139 2484 quocunque
1152 2411 1336 2481 devenerint,
1348 2412 1448 2469 diviua
1455 2411 1680 2485 prohibebimus
1690 2413 1790 2472 officia

76 2505 245 2562 sententias
260 2501 613 2575 curaveritpromulgare.
626 2504 711 2558 Esset
721 2501 843 2572 insuper
858 2515 905 2555 res
961 2499 1116 2569 celebrari,
1146 2505 1180 2556 ut
1202 2501 1244 2557 sie
1270 2501 1376 2558 saltem
1394 2501 1432 2557 ad
1451 2501 1627 2558 mandatnm
1648 2502 1787 2559 Ecclesies

76 2591 153 2647 mali
168 2591 316 2663 exempli;
333 2591 437 2662 quiesi
452 2589 553 2647 forsan
565 2591 596 2646 iu
607 2590 666 2646 alia
676 2605 767 2662 regua
776 2587 905 2646 similem
960 2593 1155 2656 revertantur,
1168 2589 1254 2661 juxta
1266 2589 1345 2662 quod
1360 2589 1468 2662 legitur
1482 2589 1514 2646 in
1533 2589 1707 2646 Psalmistn:
1730 2593 1787 2648 Im-

74 2697 135 2738 nos
148 2681 332 2752 contingeret
344 2677 532 2753 promulgare
554 2679 744 2748 sententiam,
768 2677 875 2734 similis
888 2695 905 2734 a
956 2679 1004 2750 pte
1018 2680 1103 2747 sodes
1118 2695 1210 2734 eorum
1224 2680 1389 2748 ignominie,
1404 2685 1430 2734 et
1448 2685 1570 2752 querant
1585 2695 1682 2736 nomen
1696 2687 1784 2749 tuum,

71 2768 903 2842 nobisgratiapetereturrquamsiforsitannegaremus,
959 2769 1073 2823 Domine
1094 2768 1176 2840 (Psoi.
1197 2785 1301 2837 nxxxn,
1325 2769 1381 2840 27).
1405 2767 1478 2834 Quia
1502 2784 1571 2824 vero
1587 2773 1685 2824 castra
1703 2785 1785 2842 qnae·

70 2856 157 2930 apud
170 2874 226 2916 nos
241 2875 305 2914 esse
314 2857 464 2914 videretur
484 2858 615 2930 acceptio
639 2873 846 2930 personarum.
862 2859 904 2912 Ex
959 2854 1039 2924 dam,
1053 2872 1119 2928 quae
1135 2855 1213 2912 idem
1222 2872 1274 2911 rex
1286 2855 1442 2930 legionen.
1456 2855 1541 2912 dictas
1551 2855 1620 2912 filim
1634 2855 1713 2930 regis
1725 2858 1784 2913 Ca-

68 2948 133 3004 hoc
149 2948 238 3004 etism
249 2947 285 3004 de
300 2947 387 3005 nobis
399 2951 500 3020 posset
509 2946 587 3023 apud
596 2947 712 3019 aliquos
723 2947 794 3004 oriri
806 2947 904 3020 snspi·
959 2944 1052 3001 stellae
1068 2945 1099 3000 in
1110 2944 1209 3001 dotem
1220 2943 1376 3001 tradidisse
1387 2946 1572 3018 proponitur,
1584 2946 1626 3002 ita
1639 2951 1673 3002 ut
1684 2945 1707 3002 si
1718 2962 1785 3003 eam

66 3037 130 3106 cio,
143 3037 473 3109 praesumentibnsforte
483 3035 903 3110 quibusdamquodadidmo-
958 3035 1058 3106 eliqua
1069 3035 1225 3091 occasione
1239 3033 1433 3106 relinqueret,
1455 3035 1520 3107 ipsu
1534 3035 1675 3092 oederent
1688 3037 1721 3092 in
1731 3036 1785 3109 jus

66 3143 210 3182 veremur
219 3142 255 3182 ex
265 3143 354 3182 causa
361 3126 476 3183 latenti.
489 3127 569 3183 Licet
578 3126 711 3200 igiturex
720 3125 818 3182 causis
828 3142 902 3198 prae·
957 3123 1033 3195 ejus,
1050 3123 1298 3197 impedimentum
1312 3129 1454 3197 praestare
1464 3124 1602 3181 videntur
1611 3123 1784 3198 hujusmodi

68 3215 174 3272 missis
189 3231 249 3271 non
264 3213 414 3272 videretur
428 3214 507 3271 dicta
520 3215 624 3288 petitio
633 3213 901 3286 admittenda,quia
915 3199 940 3265 G
955 3213 1070 3286 copulae
1095 3213 1300 3284 dissolvendae,
1317 3230 1385 3270 curn
1404 3219 1502 3272 castre
1516 3214 1581 3288 ipsa
1596 3231 1656 3271 non
1671 3220 1732 3271 tam
1746 3214 1782 3270 ob

70 3311 175 3362 temen
187 3304 237 3360 uhi
249 3309 295 3360 est
302 3304 462 3361 multitudo
473 3305 504 3360 in
517 3321 616 3373 causa,
629 3303 846 3360 detrahendum
858 3308 904 3359 est
953 3307 1071 3376 turpem
1088 3319 1178 3375 quam
1192 3303 1229 3360 ob
1243 3303 1358 3360 nnllam
1377 3305 1476 3376 potius
1491 3319 1611 3360 causam
1628 3303 1688 3360 sint
1701 3304 1780 3373 data,

72 3393 355 3465 aliquidseveritati,
367 3399 400 3449 nt
409 3392 573 3466 majoribus
584 3393 671 3450 malis
682 3393 822 3449 sanandis
833 3391 902 3449 cha·
954 3396 1055 3464 utpote
1071 3408 1138 3448 cum
1155 3393 1233 3449 inter
1243 3409 1294 3448 eos
1307 3393 1532 3449 matrimonium
1547 3409 1607 3448 non
1623 3393 1738 3461 existat,
1751 3399 1781 3448 et

73 3485 148 3540 ritas
159 3482 450 3551 sincerasubveniat,
466 3482 497 3539 in
511 3499 545 3540 eo
561 3482 782 3554 adpetitionem
793 3481 902 3554 proedi-
953 3479 1019 3536 ideo
1041 3497 1098 3537 nec
1122 3480 1176 3537 dos
1198 3497 1253 3537 nec
1276 3482 1396 3538 donatio
1421 3487 1541 3554 propter
1562 3481 1673 3550 dotem,
1689 3498 1727 3538 ne
1740 3480 1778 3537 ad

72 3579 191 3630 ctorurn
214 3571 429 3645 archiepiscopi
442 3575 471 3628 et
495 3571 839 3644 episcoporumgratiam
864 3571 900 3626 de
952 3568 1143 3625 commodum
1167 3569 1193 3626 ei
1215 3570 1301 3626 cedat
1324 3569 1403 3642 quod
1417 3568 1507 3626 debet
1528 3570 1559 3627 in
1574 3585 1692 3643 poenam
1712 3569 1776 3642 eJus

72 3662 227 3718 communi
239 3660 365 3718 fratrum
378 3666 548 3716 nostrorum
561 3660 687 3716 oonsilio
703 3660 842 3716 duximus
856 3659 901 3715 fa·
952 3658 1050 3731 potius
1073 3659 1251 3730 retorqueri,
1276 3665 1372 3715 castra
1386 3659 1452 3731 ipsa
1466 3659 1582 3715 restitui
1597 3659 1732 3716 volumus
1747 3664 1777 3714 et

69 3751 220 3819 ciendum,
235 3767 271 3807 ex
281 3766 340 3822 quo
349 3749 525 3807 videbantur
537 3750 752 3822 impedimenta
762 3763 902 3822 expressa
952 3747 989 3804 ad
1005 3747 1034 3804 id
1049 3747 1181 3821 puellam
1197 3748 1292 3822 ipsam
1307 3765 1361 3820 per
1377 3749 1691 3805 excommunicationis
1706 3766 1776 3806 sen-

69 3841 210 3913 superius
226 3840 391 3913 provenire.
414 3839 620 3896 ltelaxavimus
635 3856 715 3912 ergo,
730 3839 835 3896 nonin
850 3844 899 3894 to·
952 3841 1077 3898 tentiam
1101 3841 1245 3898 coarctari
1260 3859 1268 3909 ;
1294 3841 1469 3898 anctoritate
1493 3840 1658 3914 apostolica
1679 3841 1783 3898 decer-

67 3935 147 3998 tum,
159 3929 249 3986 sedin
257 3935 405 4002 unaparle
413 3929 611 3998 solummodo,
622 3929 814 3986 interdictum
826 3945 833 3997 3
845 3943 900 3984 nee
952 3936 1068 4000 nentes,
1080 3935 1114 3986 ut
1127 3930 1152 3986 si
1168 3947 1204 3987 ex
1217 3937 1277 3987 tam
1290 3931 1461 3988 incestuosa
1476 3937 1505 3988 et
1519 3931 1660 4008 damnata
1674 3931 1781 4004 copula

68 4023 218 4090 perpetuo
232 4017 284 4074 sed
293 4018 330 4074 ad
342 4023 468 4092 tempus,
481 4017 613 4090 quandiu
625 4016 901 4090 scilicetnohisple-
952 4019 1052 4092 proles
1063 4025 1108 4076 est
1122 4019 1167 4076 vel
1181 4019 1272 4076 fuerit
1282 4037 1469 4094 quaecunque
1481 4026 1629 4093 suscepta,
1640 4024 1742 4094 spuria
1753 4025 1782 4078 et

70 4109 169 4166 cuerit
183 4115 213 4166 et
225 4110 388 4167 viderimus
399 4108 554 4182 expedire;
567 4113 599 4166 ut
609 4108 769 4182 probemus
779 4108 899 4164 interim
950 4109 1107 4183 illegitima
1121 4109 1240 4181 penitus
1255 4109 1413 4180 habeatur,
1423 4125 1488 4182 quae
1498 4111 1661 4167 secuudum
1673 4115 1783 4168 statuta

70 4199 208 4272 spiritus,
220 4200 245 4256 si
256 4201 361 4256 exlleo
375 4199 444 4272 sint,
456 4205 486 4257 et
500 4217 549 4268 an,
559 4199 637 4256 sicut
649 4199 740 4254 iidem
755 4198 900 4272 archiepi·
950 4199 1084 4272 legitima
1106 4199 1138 4255 in
1162 4199 1250 4256 bonis
1276 4199 1410 4272 paternis
1431 4197 1515 4256 nulla
1529 4216 1651 4272 prorsus
1666 4201 1782 4256 ratione

71 4305 182 4360 scopus
192 4289 362 4362 etepiscopi
373 4294 553 4358 asseverant,
570 4294 687 4361 sperata
701 4286 771 4344 inde
787 4288 899 4344 utilitas
952 4289 1092 4346 succedit.
1103 4289 1219 4355 Quodsi
1235 4305 1290 4346 nec
1302 4289 1345 4346 sic
1360 4289 1496 4363 predicti
1511 4305 1562 4345 rex
1578 4289 1736 4363 Legionen.
1753 4293 1783 4344 et

72 4383 251 4450 sequeretur
261 4395 269 4445 ;
281 4377 323 4434 sic
334 4377 562 4448 videlicet‚utin
572 4394 663 4452 regno
674 4378 738 4450 ipsc
749 4377 899 4434 divinare·
952 4378 1015 4435 filia
1038 4379 1116 4452 regis
1139 4377 1275 4436 Castelles
1293 4395 1311 4434 a
1326 4395 1356 4434 se
1371 4379 1498 4434 invicem
1509 4377 1595 4451 juxta
1607 4376 1781 4435 mandatum

70 4467 407 4536 lebrenturofflcia;sed
417 4467 625 4525 decedentium
635 4467 899 4540 corporesepultu·
951 4467 1147 4541 apostolicum
1157 4467 1507 4536 discederematurarint,
1519 4468 1549 4522 in
1560 4484 1611 4525 eos
1621 4467 1781 4524 districtio·

70 4575 110 4614 ree
127 4557 338 4614 ecclesiastice
353 4575 413 4615 nou
430 4557 595 4626 tradantur,
609 4557 640 4612 in
652 4573 710 4630 quo
726 4561 825 4614 tamen
837 4557 896 4615 cle·
912 4572 940 4636 Ι]
954 4573 1024 4613 nem
1039 4556 1211 4613 curabimus
1230 4555 1435 4630 gravissimam
1461 4571 1607 4624 exercere,
1630 4573 1719 4632 quum
1743 4555 1781 4613 ad

70 4650 141 4706 ricis
156 4649 281 4723 gratiam
296 4648 422 4706 facimus
434 4647 605 4722 specialem,
621 4647 651 4703 in
662 4663 696 4703 eo
707 4647 854 4716 videlicet,
865 4653 898 4704 ut
955 4644 1102 4702 cautelam
1117 4645 1315 4718 praesentibus
1330 4661 1391 4702 non
1410 4645 1550 4701 duximus
1564 4645 1672 4701 litteris
1688 4645 1781 4719 expli·

71 4737 102 4795 in
119 4739 272 4794 emmetrio
282 4737 494 4806 ecclesiastico,
504 4741 639 4794 cessante
651 4737 838 4793 solemnitate
852 4754 898 4792 so·
955 4735 1091 4791 cendam.
1105 4732 1233 4805 ldeoque
1249 4733 1430 4790 fraternitati
1445 4739 1549 4791 vestra
1559 4736 1782 4808 perapostolice

70 4823 899 4896 litatumulentnr.Qnodlicetsliquibuspossetabsouum
954 4821 1248 4894 scriptamendamus
1258 4826 1286 4878 et
1296 4821 1429 4880 districte
1437 4823 1781 4897 precipimusquetenus

70 4913 148 4972 forte
162 4914 266 4984 rideri,
281 4920 314 4971 ut
326 4914 424 4972 officio
434 4915 571 4970 restituto
583 4913 899 4986 sepulturnecclesias-
952 4912 1061 4968 factam
1085 4911 1167 4967 vobis
1192 4910 1228 4968 eb
1254 4912 1417 4984 apostolica
1440 4913 1510 4970 sede
1531 4913 1655 4988 gratiam
1669 4914 1781 4986 gratius

72 5004 309 5078 ticadenegetur‚
321 5003 900 5078 quia,jnxtecanonicassanctiones,cui
953 5005 1180 5075 prosequentes,
1207 5000 1250 5058 sic
1263 5002 1390 5058 utamini
1416 5003 1613 5076 permissione
1633 5001 1779 5058 nostruin

72 5094 355 5152 communicavimus
366 5094 440 5164 vivo,
452 5093 671 5152 communicare
683 5093 859 5150 deberemus
870 5097 899 5150 et
954 5090 1141 5150 celebrandis
1157 5089 1276 5161 officiis,
1291 5097 1324 5148 nt
1338 5091 1548 5150 decedentium
1572 5107 1704 5165 corpora,
1721 5089 1779 5146 nisi

73 5189 190 5241 mortuo
201 5203 208 5254 ;
221 5189 302 5242 recte
314 5189 414 5240 tamen
425 5183 661 5257 intelligentibus
669 5181 848 5240 nihilexboc
856 5182 898 5240 in·
953 5180 1053 5238 clerici
1064 5179 1186 5249 fuerint,
1198 5181 1346 5238 tumulare
1358 5181 1529 5240 nullatenus
1540 5179 1736 5253 presumatis.
1749 5179 1778 5234 Si
1820 5183 1825 5190 '

72 5272 899 5348 congruitetisoccurrit,cumjuxtahateranen.instituta
953 5287 1027 5344 quos
1043 5269 1351 5342 nutempostlatnmin
1362 5265 1778 5344 regnumipsumsententienr

72 5361 765 5437 consilii(43)decedentesexrorneamentisetsi
773 5379 827 5434 per
836 5378 899 5435 pe-
952 5359 1103 5417 interdicti
1125 5363 1194 5415 unte
1224 5360 1446 5433 susceptionem
1468 5357 1660 5432 presentium
1680 5356 1779 5414 diune

73 5452 898 5522 nitentiumreconcilienturEcclesiae,Christianetemen
952 5448 1125 5507 inveneritis
1134 5447 1232 5506 officia
1242 5448 1419 5518 celebrasse,
1429 5448 1537 5528 singuli
1547 5447 1715 5505 vestrumin
1724 5463 1779 5505 sue

74 5542 897 5616 sepulturepriventur.Utautemnonremitterepoenam
953 5538 1073 5598 dioeoesi
1089 5536 1194 5594 talium
1218 5538 1487 5612 praesumptionum
1511 5536 1687 5596 auctoritate
1710 5536 1778 5594 freti

107 5659 165 5736 (le)
179 5661 440 5724 conciliatorem.
458 5659 513 5719 sub
529 5661 613 5719 Alex.
628 5661 677 5733 111,
697 5676 762 5734 cap.
778 5663 822 5718 20.
