<?xml version="1.0" encoding="UTF-8"?>
<!DOCTYPE html PUBLIC "-//W3C//DTD XHTML 1.0 Transitional//EN"
    "http://www.w3.org/TR/xhtml1/DTD/xhtml1-transitional.dtd">
<html xmlns="http://www.w3.org/1999/xhtml" xml:lang="en" lang="en">
 <head>
  <title>
</title>
<meta http-equiv="Content-Type" content="text/html;charset=utf-8" />
  <meta name='ocr-system' content='tesseract 3.04.00' />
  <meta name='ocr-capabilities' content='ocr_page ocr_carea ocr_par ocr_line ocrx_word'/>
</head>
<body>
  <div class='ocr_page' id='page_1' title='image "./patrologiaecurs103unkngoog_0507.png"; bbox 0 0 3972 6068; ppageno 0'>
   <div class='ocr_carea' id='block_1_1' title="bbox 60 243 1787 310">
    <p class='ocr_par' dir='ltr' id='par_1_1' title="bbox 60 243 1787 310">
     <span class='ocr_line' id='line_1_1' title="bbox 60 243 1787 310; baseline 0.001 -6"><span class='ocrx_word' id='word_1_1' title='bbox 60 255 130 306; x_wconf 80' lang='lat'><strong>769</strong></span> <span class='ocrx_word' id='word_1_2' title='bbox 590 243 843 302; x_wconf 78' lang='lat' dir='ltr'>PONTIFIGATUS</span> <span class='ocrx_word' id='word_1_3' title='bbox 862 243 958 298; x_wconf 81' lang='lat' dir='ltr'>ANNO</span> <span class='ocrx_word' id='word_1_4' title='bbox 978 243 1013 310; x_wconf 84' lang='lat' dir='ltr'><strong>ll,</strong></span> <span class='ocrx_word' id='word_1_5' title='bbox 1034 244 1172 300; x_wconf 81' lang='lat' dir='ltr'>CHRISTI</span> <span class='ocrx_word' id='word_1_6' title='bbox 1192 249 1270 304; x_wconf 81' lang='lat' dir='ltr'><strong>llos.</strong></span> <span class='ocrx_word' id='word_1_7' title='bbox 1735 254 1787 306; x_wconf 81' lang='grc' dir='ltr'><strong>’ΠΟ</strong></span> 
     </span>
    </p>
   </div>
   <div class='ocr_carea' id='block_1_2' title="bbox 55 371 1793 3738">
    <p class='ocr_par' dir='ltr' id='par_1_2' title="bbox 444 371 1788 448">
     <span class='ocr_line' id='line_1_2' title="bbox 444 371 1788 448; baseline 0.002 -19"><span class='ocrx_word' id='word_1_8' title='bbox 444 373 536 430; x_wconf 85' lang='lat' dir='ltr'><strong>ccxl.</strong></span> <span class='ocrx_word' id='word_1_9' title='bbox 918 371 1132 448; x_wconf 73' lang='lat' dir='ltr'><strong>Asepulcrum</strong></span> <span class='ocrx_word' id='word_1_10' title='bbox 1146 372 1334 430; x_wconf 86' lang='lat' dir='ltr'><strong>Dominicum</strong></span> <span class='ocrx_word' id='word_1_11' title='bbox 1366 391 1382 430; x_wconf 88' lang='lat' dir='ltr'><strong>a</strong></span> <span class='ocrx_word' id='word_1_12' title='bbox 1410 375 1625 431; x_wconf 87' lang='lat' dir='ltr'><strong>Saracenorum</strong></span> <span class='ocrx_word' id='word_1_13' title='bbox 1650 375 1788 432; x_wconf 88' lang='lat' dir='ltr'><strong>manibus</strong></span> 
     </span>
    </p>

    <p class='ocr_par' dir='ltr' id='par_1_3' title="bbox 88 462 1785 627">
     <span class='ocr_line' id='line_1_3' title="bbox 88 462 1785 530; baseline -0.001 -7"><span class='ocrx_word' id='word_1_14' title='bbox 88 483 196 524; x_wconf 73' lang='lat' dir='ltr'><strong>nusxro</strong></span> <span class='ocrx_word' id='word_1_15' title='bbox 217 482 338 523; x_wconf 82' lang='lat' dir='ltr'><strong>ruuusmr</strong></span> <span class='ocrx_word' id='word_1_16' title='bbox 357 478 680 520; x_wconf 77' lang='lat' dir='ltr'><strong>coxsrsurmorouvrauo</strong></span> <span class='ocrx_word' id='word_1_17' title='bbox 701 477 875 518; x_wconf 77' lang='lat' dir='ltr'><strong>rnreenronv.</strong></span> <span class='ocrx_word' id='word_1_18' title='bbox 957 465 1066 530; x_wconf 78' lang='lat' dir='ltr'><strong>praeter</strong></span> <span class='ocrx_word' id='word_1_19' title='bbox 1076 467 1133 517; x_wconf 78' lang='lat' dir='ltr'><strong>tura</strong></span> <span class='ocrx_word' id='word_1_20' title='bbox 1144 462 1347 519; x_wconf 77' lang='lat' dir='ltr'>subventionis</span> <span class='ocrx_word' id='word_1_21' title='bbox 1359 464 1502 520; x_wconf 81' lang='lat' dir='ltr'><strong>auxilinm</strong></span> <span class='ocrx_word' id='word_1_22' title='bbox 1517 463 1661 520; x_wconf 76' lang='lat' dir='ltr'>liberetur</span> <span class='ocrx_word' id='word_1_23' title='bbox 1673 471 1702 520; x_wconf 89' lang='lat' dir='ltr'><strong>et</strong></span> <span class='ocrx_word' id='word_1_24' title='bbox 1716 465 1785 522; x_wconf 88' lang='lat' dir='ltr'><strong>inde</strong></span> 
     </span>
     <span class='ocr_line' id='line_1_4' title="bbox 262 551 1783 627; baseline 0.001 -16"><span class='ocrx_word' id='word_1_25' title='bbox 262 555 412 625; x_wconf 71' lang='lat' dir='ltr'><em>Respondet</em></span> <span class='ocrx_word' id='word_1_26' title='bbox 430 553 550 625; x_wconf 79' lang='lat' dir='ltr'><strong>epistola</strong></span> <span class='ocrx_word' id='word_1_27' title='bbox 563 553 710 623; x_wconf 74' lang='lat' dir='ltr'><strong><em>superiori.</em></strong></span> <span class='ocrx_word' id='word_1_28' title='bbox 854 577 857 584; x_wconf 87' lang='grc'>·</span> <span class='ocrx_word' id='word_1_29' title='bbox 956 567 1011 622; x_wconf 91' lang='lat' dir='ltr'><strong>per</strong></span> <span class='ocrx_word' id='word_1_30' title='bbox 1025 551 1237 626; x_wconf 88' lang='lat' dir='ltr'><strong>negligentiam</strong></span> <span class='ocrx_word' id='word_1_31' title='bbox 1248 553 1412 626; x_wconf 88' lang='lat' dir='ltr'><strong>imperialis</strong></span> <span class='ocrx_word' id='word_1_32' title='bbox 1422 554 1644 627; x_wconf 83' lang='lat' dir='ltr'><strong>magnificentia</strong></span> <span class='ocrx_word' id='word_1_33' title='bbox 1653 555 1783 612; x_wconf 90' lang='lat' dir='ltr'><strong>divinam</strong></span> 
     </span>
    </p>

    <p class='ocr_par' dir='ltr' id='par_1_4' title="bbox 280 639 1784 717">
     <span class='ocr_line' id='line_1_5' title="bbox 280 639 1784 717; baseline 0 -17"><span class='ocrx_word' id='word_1_34' title='bbox 280 641 439 717; x_wconf 76' lang='lat' dir='ltr'><strong>(Laterani,</strong></span> <span class='ocrx_word' id='word_1_35' title='bbox 455 641 487 698; x_wconf 94' lang='lat' dir='ltr'><strong>ld</strong></span> <span class='ocrx_word' id='word_1_36' title='bbox 503 639 698 711; x_wconf 86' lang='lat' dir='ltr'><strong>Novembris.)</strong></span> <span class='ocrx_word' id='word_1_37' title='bbox 958 639 1091 696; x_wconf 81' lang='lat' dir='ltr'><strong>incurrat</strong></span> <span class='ocrx_word' id='word_1_38' title='bbox 1104 641 1259 710; x_wconf 81' lang='lat' dir='ltr'><strong>offensem,</strong></span> <span class='ocrx_word' id='word_1_39' title='bbox 1273 643 1351 699; x_wconf 91' lang='lat' dir='ltr'><strong>unde</strong></span> <span class='ocrx_word' id='word_1_40' title='bbox 1368 659 1422 716; x_wconf 91' lang='lat' dir='ltr'><strong>per</strong></span> <span class='ocrx_word' id='word_1_41' title='bbox 1440 643 1673 700; x_wconf 89' lang='lat' dir='ltr'><strong>sollicitudinem</strong></span> <span class='ocrx_word' id='word_1_42' title='bbox 1699 659 1784 700; x_wconf 89' lang='lat' dir='ltr'><strong>suam</strong></span> 
     </span>
    </p>

    <p class='ocr_par' dir='ltr' id='par_1_5' title="bbox 55 727 1793 3738">
     <span class='ocr_line' id='line_1_6' title="bbox 111 727 1784 806; baseline 0.001 -18"><span class='ocrx_word' id='word_1_43' title='bbox 111 733 188 806; x_wconf 80' lang='lat'>(102)</span> <span class='ocrx_word' id='word_1_44' title='bbox 202 732 298 789; x_wconf 79' lang='lat' dir='ltr'><strong>llultae</strong></span> <span class='ocrx_word' id='word_1_45' title='bbox 315 731 401 788; x_wconf 91' lang='lat' dir='ltr'><strong>nobis</strong></span> <span class='ocrx_word' id='word_1_46' title='bbox 416 730 516 786; x_wconf 90' lang='lat' dir='ltr'><strong>attulit</strong></span> <span class='ocrx_word' id='word_1_47' title='bbox 533 727 739 786; x_wconf 76' lang='lat' dir='ltr'><strong>exsultationis</strong></span> <span class='ocrx_word' id='word_1_48' title='bbox 764 727 904 783; x_wconf 86' lang='lat' dir='ltr'><strong>allectum</strong></span> <span class='ocrx_word' id='word_1_49' title='bbox 958 730 1083 801; x_wconf 86' lang='lat' dir='ltr'><strong>gratiam</strong></span> <span class='ocrx_word' id='word_1_50' title='bbox 1098 730 1216 788; x_wconf 87' lang='lat' dir='ltr'><strong>Domini</strong></span> <span class='ocrx_word' id='word_1_51' title='bbox 1230 735 1346 804; x_wconf 87' lang='lat' dir='ltr'><strong>poterat</strong></span> <span class='ocrx_word' id='word_1_52' title='bbox 1361 733 1540 803; x_wconf 51' lang='lat' dir='ltr'><strong>promereri.¹</strong></span> <span class='ocrx_word' id='word_1_53' title='bbox 1552 733 1690 804; x_wconf 89' lang='lat' dir='ltr'><strong>Nunqnid</strong></span> <span class='ocrx_word' id='word_1_54' title='bbox 1704 735 1784 790; x_wconf 92' lang='lat' dir='ltr'><strong>enim</strong></span> 
     </span>
     <span class='ocr_line' id='line_1_7' title="bbox 63 815 1785 894; baseline -0.001 -16"><span class='ocrx_word' id='word_1_55' title='bbox 63 822 167 894; x_wconf 90' lang='lat' dir='ltr'><strong>qnod,</strong></span> <span class='ocrx_word' id='word_1_56' title='bbox 186 822 263 878; x_wconf 90' lang='lat' dir='ltr'><strong>sicut</strong></span> <span class='ocrx_word' id='word_1_57' title='bbox 277 837 313 880; x_wconf 87' lang='lat' dir='ltr'><strong>ex</strong></span> <span class='ocrx_word' id='word_1_58' title='bbox 326 820 435 877; x_wconf 90' lang='lat' dir='ltr'><strong>litteris</strong></span> <span class='ocrx_word' id='word_1_59' title='bbox 446 817 629 876; x_wconf 72' lang='lat' dir='ltr'><strong>excellentiae</strong></span> <span class='ocrx_word' id='word_1_60' title='bbox 640 815 803 890; x_wconf 82' lang='lat' dir='ltr'><strong>imperialis</strong></span> <span class='ocrx_word' id='word_1_61' title='bbox 820 830 905 871; x_wconf 88' lang='lat' dir='ltr'><strong>acce·</strong></span> <span class='ocrx_word' id='word_1_62' title='bbox 960 833 1080 874; x_wconf 88' lang='lat' dir='ltr'><strong>sensum</strong></span> <span class='ocrx_word' id='word_1_63' title='bbox 1097 818 1214 874; x_wconf 86' lang='lat' dir='ltr'><strong>Domini</strong></span> <span class='ocrx_word' id='word_1_64' title='bbox 1230 819 1415 894; x_wconf 76' lang='lat' dir='ltr'><strong>cognovisti?</strong></span> <span class='ocrx_word' id='word_1_65' title='bbox 1438 820 1576 892; x_wconf 86' lang='lat' dir='ltr'><strong>Nunquid</strong></span> <span class='ocrx_word' id='word_1_66' title='bbox 1595 822 1785 878; x_wconf 89' lang='lat' dir='ltr'><strong>consiliarius</strong></span> 
     </span>
     <span class='ocr_line' id='line_1_8' title="bbox 62 903 1785 984; baseline 0 -17"><span class='ocrx_word' id='word_1_67' title='bbox 62 913 186 984; x_wconf 86' lang='lat' dir='ltr'><strong>pimus,</strong></span> <span class='ocrx_word' id='word_1_68' title='bbox 199 911 311 982; x_wconf 89' lang='lat' dir='ltr'><strong>legatos</strong></span> <span class='ocrx_word' id='word_1_69' title='bbox 325 915 354 966; x_wconf 91' lang='lat' dir='ltr'><strong>et</strong></span> <span class='ocrx_word' id='word_1_70' title='bbox 367 909 481 965; x_wconf 84' lang='lat' dir='ltr'><strong>litteras</strong></span> <span class='ocrx_word' id='word_1_71' title='bbox 496 914 615 964; x_wconf 89' lang='lat' dir='ltr'><strong>nostras</strong></span> <span class='ocrx_word' id='word_1_72' title='bbox 626 905 738 978; x_wconf 90' lang='lat' dir='ltr'><strong>recepit</strong></span> <span class='ocrx_word' id='word_1_73' title='bbox 751 903 905 962; x_wconf 90' lang='lat' dir='ltr'><strong>humiliter</strong></span> <span class='ocrx_word' id='word_1_74' title='bbox 960 907 1025 978; x_wconf 89' lang='lat' dir='ltr'><strong>ejus</strong></span> <span class='ocrx_word' id='word_1_75' title='bbox 1036 924 1078 972; x_wconf 88' lang='lat' dir='ltr'><strong>es,</strong></span> <span class='ocrx_word' id='word_1_76' title='bbox 1091 913 1124 962; x_wconf 88' lang='lat' dir='ltr'><strong>ut</strong></span> <span class='ocrx_word' id='word_1_77' title='bbox 1136 914 1234 966; x_wconf 90' lang='lat' dir='ltr'><strong>cortus</strong></span> <span class='ocrx_word' id='word_1_78' title='bbox 1250 910 1286 966; x_wconf 89' lang='lat' dir='ltr'><strong>de</strong></span> <span class='ocrx_word' id='word_1_79' title='bbox 1301 909 1495 982; x_wconf 85' lang='lat' dir='ltr'><strong>dispositione</strong></span> <span class='ocrx_word' id='word_1_80' title='bbox 1512 909 1620 976; x_wconf 87' lang='lat' dir='ltr'><strong>divina,</strong></span> <span class='ocrx_word' id='word_1_81' title='bbox 1637 919 1708 968; x_wconf 86' lang='lat' dir='ltr'><strong>tunc</strong></span> <span class='ocrx_word' id='word_1_82' title='bbox 1723 913 1785 984; x_wconf 92' lang='lat' dir='ltr'><strong>pri-</strong></span> 
     </span>
     <span class='ocr_line' id='line_1_9' title="bbox 61 993 1783 1075; baseline 0 -19"><span class='ocrx_word' id='word_1_83' title='bbox 61 1002 266 1075; x_wconf 87' lang='lat' dir='ltr'><strong>imperatoria</strong></span> <span class='ocrx_word' id='word_1_84' title='bbox 280 999 436 1065; x_wconf 89' lang='lat' dir='ltr'><strong>celsitudo,</strong></span> <span class='ocrx_word' id='word_1_85' title='bbox 453 1003 483 1054; x_wconf 91' lang='lat' dir='ltr'><strong>et</strong></span> <span class='ocrx_word' id='word_1_86' title='bbox 496 997 534 1054; x_wconf 93' lang='lat' dir='ltr'><strong>ad</strong></span> <span class='ocrx_word' id='word_1_87' title='bbox 549 1014 584 1053; x_wconf 91' lang='lat' dir='ltr'><strong>ea</strong></span> <span class='ocrx_word' id='word_1_88' title='bbox 594 1013 660 1068; x_wconf 80' lang='lat' dir='ltr'><strong>qum</strong></span> <span class='ocrx_word' id='word_1_89' title='bbox 669 1011 758 1067; x_wconf 88' lang='lat' dir='ltr'><strong>super</strong></span> <span class='ocrx_word' id='word_1_90' title='bbox 765 993 904 1049; x_wconf 75' lang='lat' dir='ltr'><strong>Ecclesia</strong></span> <span class='ocrx_word' id='word_1_91' title='bbox 961 1013 1042 1052; x_wconf 92' lang='lat' dir='ltr'><strong>mum</strong></span> <span class='ocrx_word' id='word_1_92' title='bbox 1057 1013 1140 1053; x_wconf 91' lang='lat' dir='ltr'><strong>arma</strong></span> <span class='ocrx_word' id='word_1_93' title='bbox 1152 1014 1270 1054; x_wconf 90' lang='lat' dir='ltr'><strong>moveas</strong></span> <span class='ocrx_word' id='word_1_94' title='bbox 1285 997 1316 1052; x_wconf 93' lang='lat' dir='ltr'><strong>in</strong></span> <span class='ocrx_word' id='word_1_95' title='bbox 1331 1015 1472 1070; x_wconf 89' lang='lat' dir='ltr'><strong>paganos,</strong></span> <span class='ocrx_word' id='word_1_96' title='bbox 1489 1001 1564 1055; x_wconf 90' lang='lat' dir='ltr'><strong>etad</strong></span> <span class='ocrx_word' id='word_1_97' title='bbox 1577 1000 1783 1056; x_wconf 83' lang='lat' dir='ltr'><strong>liberationem</strong></span> 
     </span>
     <span class='ocr_line' id='line_1_10' title="bbox 59 1081 1782 1162; baseline -0.002 -15"><span class='ocrx_word' id='word_1_98' title='bbox 59 1093 188 1148; x_wconf 86' lang='lat' dir='ltr'><strong>unitate</strong></span> <span class='ocrx_word' id='word_1_99' title='bbox 203 1107 258 1146; x_wconf 87' lang='lat' dir='ltr'><strong>nos</strong></span> <span class='ocrx_word' id='word_1_100' title='bbox 268 1089 422 1162; x_wconf 82' lang='lat' dir='ltr'><strong>scripsisse</strong></span> <span class='ocrx_word' id='word_1_101' title='bbox 438 1087 630 1142; x_wconf 91' lang='lat' dir='ltr'><strong>meminimus</strong></span> <span class='ocrx_word' id='word_1_102' title='bbox 640 1085 695 1141; x_wconf 91' lang='lat' dir='ltr'><strong>etsi</strong></span> <span class='ocrx_word' id='word_1_103' title='bbox 712 1100 772 1139; x_wconf 92' lang='lat' dir='ltr'><strong>non</strong></span> <span class='ocrx_word' id='word_1_104' title='bbox 782 1081 904 1138; x_wconf 89' lang='lat' dir='ltr'><strong>omnino</strong></span> <span class='ocrx_word' id='word_1_105' title='bbox 960 1085 1234 1158; x_wconf 74' lang='lat' dir='ltr'><strong>hierosolymitanae</strong></span> <span class='ocrx_word' id='word_1_106' title='bbox 1246 1086 1403 1157; x_wconf 83' lang='lat' dir='ltr'><strong>provinciae</strong></span> <span class='ocrx_word' id='word_1_107' title='bbox 1416 1087 1589 1160; x_wconf 82' lang='lat' dir='ltr'><strong>accingaris,</strong></span> <span class='ocrx_word' id='word_1_108' title='bbox 1601 1104 1669 1143; x_wconf 92' lang='lat' dir='ltr'><strong>cum</strong></span> <span class='ocrx_word' id='word_1_109' title='bbox 1686 1090 1782 1144; x_wconf 85' lang='lat' dir='ltr'><strong>Domi·</strong></span> 
     </span>
     <span class='ocr_line' id='line_1_11' title="bbox 62 1171 1783 1250; baseline -0.002 -13"><span class='ocrx_word' id='word_1_110' title='bbox 62 1181 258 1238; x_wconf 79' lang='lat' dir='ltr'><strong>sufficienter</strong></span> <span class='ocrx_word' id='word_1_111' title='bbox 273 1184 303 1234; x_wconf 88' lang='lat' dir='ltr'><strong>et</strong></span> <span class='ocrx_word' id='word_1_112' title='bbox 320 1178 480 1246; x_wconf 89' lang='lat' dir='ltr'><strong>evidenter,</strong></span> <span class='ocrx_word' id='word_1_113' title='bbox 496 1175 625 1250; x_wconf 89' lang='lat' dir='ltr'><strong>benigue</strong></span> <span class='ocrx_word' id='word_1_114' title='bbox 641 1180 741 1230; x_wconf 90' lang='lat' dir='ltr'><strong>tamen</strong></span> <span class='ocrx_word' id='word_1_115' title='bbox 758 1178 788 1228; x_wconf 87' lang='lat' dir='ltr'><strong>et</strong></span> <span class='ocrx_word' id='word_1_116' title='bbox 801 1171 904 1228; x_wconf 88' lang='lat' dir='ltr'><strong>devote</strong></span> <span class='ocrx_word' id='word_1_117' title='bbox 959 1191 1016 1228; x_wconf 90' lang='lat' dir='ltr'><strong>nus</strong></span> <span class='ocrx_word' id='word_1_118' title='bbox 1027 1173 1162 1229; x_wconf 90' lang='lat' dir='ltr'><strong>misereri</strong></span> <span class='ocrx_word' id='word_1_119' title='bbox 1174 1174 1354 1246; x_wconf 86' lang='lat' dir='ltr'><strong>disposuerit</strong></span> <span class='ocrx_word' id='word_1_120' title='bbox 1364 1175 1465 1246; x_wconf 91' lang='lat' dir='ltr'><strong>populi</strong></span> <span class='ocrx_word' id='word_1_121' title='bbox 1481 1175 1640 1232; x_wconf 78' lang='lat' dir='ltr'><strong>Christiani</strong></span> <span class='ocrx_word' id='word_1_122' title='bbox 1652 1183 1680 1232; x_wconf 89' lang='lat' dir='ltr'><strong>et</strong></span> <span class='ocrx_word' id='word_1_123' title='bbox 1690 1178 1783 1234; x_wconf 71' lang='lat' dir='ltr'><strong>haare-</strong></span> 
     </span>
     <span class='ocr_line' id='line_1_12' title="bbox 55 1261 1786 1342; baseline -0.002 -17"><span class='ocrx_word' id='word_1_124' title='bbox 55 1269 226 1342; x_wconf 88' lang='lat' dir='ltr'><strong>respondit</strong></span> <span class='ocrx_word' id='word_1_125' title='bbox 236 1262 905 1325; x_wconf 84' lang='lat' dir='ltr'><strong>etexhortationesetcommonitionesnostras</strong></span> <span class='ocrx_word' id='word_1_126' title='bbox 959 1261 1082 1317; x_wconf 82' lang='lat' dir='ltr'><strong>dilatem</strong></span> <span class='ocrx_word' id='word_1_127' title='bbox 1098 1278 1183 1318; x_wconf 86' lang='lat' dir='ltr'><strong>suam</strong></span> <span class='ocrx_word' id='word_1_128' title='bbox 1197 1261 1232 1317; x_wconf 91' lang='lat' dir='ltr'><strong>de</strong></span> <span class='ocrx_word' id='word_1_129' title='bbox 1247 1263 1461 1320; x_wconf 88' lang='lat' dir='ltr'><strong>Saracenorum</strong></span> <span class='ocrx_word' id='word_1_130' title='bbox 1477 1263 1615 1320; x_wconf 90' lang='lat' dir='ltr'><strong>manibus</strong></span> <span class='ocrx_word' id='word_1_131' title='bbox 1634 1265 1786 1322; x_wconf 79' lang='lat' dir='ltr'><strong>liberaret</strong></span> 
     </span>
     <span class='ocr_line' id='line_1_13' title="bbox 60 1351 1785 1430; baseline -0.003 -14"><span class='ocrx_word' id='word_1_132' title='bbox 60 1352 704 1430; x_wconf 80' lang='lat' dir='ltr'><strong>suumrescripsitimperiumaooeptasser</strong></span> <span class='ocrx_word' id='word_1_133' title='bbox 716 1351 821 1408; x_wconf 84' lang='lat' dir='ltr'><strong>anima</strong></span> <span class='ocrx_word' id='word_1_134' title='bbox 834 1366 904 1422; x_wconf 90' lang='lat' dir='ltr'><strong>quo,</strong></span> <span class='ocrx_word' id='word_1_135' title='bbox 960 1352 1063 1406; x_wconf 88' lang='lat' dir='ltr'><strong>Nonne</strong></span> <span class='ocrx_word' id='word_1_136' title='bbox 1078 1351 1186 1424; x_wconf 79' lang='lat' dir='ltr'><strong>legisti,</strong></span> <span class='ocrx_word' id='word_1_137' title='bbox 1199 1351 1235 1407; x_wconf 89' lang='lat' dir='ltr'><strong>de</strong></span> <span class='ocrx_word' id='word_1_138' title='bbox 1248 1352 1405 1408; x_wconf 76' lang='lat' dir='ltr'><strong>altitudine</strong></span> <span class='ocrx_word' id='word_1_139' title='bbox 1415 1352 1744 1426; x_wconf 87' lang='lat' dir='ltr'><strong>divitiarumsapientioo</strong></span> <span class='ocrx_word' id='word_1_140' title='bbox 1756 1361 1785 1413; x_wconf 91' lang='lat' dir='ltr'><strong>et</strong></span> 
     </span>
     <span class='ocr_line' id='line_1_14' title="bbox 61 1440 1785 1517; baseline -0.001 -15"><span class='ocrx_word' id='word_1_141' title='bbox 61 1445 239 1502; x_wconf 89' lang='lat' dir='ltr'><strong>secuudum</strong></span> <span class='ocrx_word' id='word_1_142' title='bbox 251 1440 591 1517; x_wconf 80' lang='lat' dir='ltr'><strong>Apostolum.cstomuis</strong></span> <span class='ocrx_word' id='word_1_143' title='bbox 600 1443 742 1513; x_wconf 85' lang='lat' dir='ltr'><strong>potestas,</strong></span> <span class='ocrx_word' id='word_1_144' title='bbox 757 1443 905 1494; x_wconf 86' lang='lat' dir='ltr'><strong>scrutator</strong></span> <span class='ocrx_word' id='word_1_145' title='bbox 959 1440 1092 1497; x_wconf 81' lang='lat' dir='ltr'><strong>scientias</strong></span> <span class='ocrx_word' id='word_1_146' title='bbox 1099 1441 1161 1509; x_wconf 80' lang='lat' dir='ltr'><strong>liei,</strong></span> <span class='ocrx_word' id='word_1_147' title='bbox 1170 1458 1260 1514; x_wconf 86' lang='lat' dir='ltr'><strong>quam</strong></span> <span class='ocrx_word' id='word_1_148' title='bbox 1272 1442 1587 1515; x_wconf 86' lang='lat' dir='ltr'><strong>incomprehensibilia</strong></span> <span class='ocrx_word' id='word_1_149' title='bbox 1598 1451 1667 1500; x_wconf 91' lang='lat' dir='ltr'><strong>sunt</strong></span> <span class='ocrx_word' id='word_1_150' title='bbox 1671 1446 1785 1513; x_wconf 91' lang='lat' dir='ltr'><strong>judicia</strong></span> 
     </span>
     <span class='ocr_line' id='line_1_15' title="bbox 61 1528 1785 1607; baseline 0 -16"><span class='ocrx_word' id='word_1_151' title='bbox 61 1535 191 1592; x_wconf 89' lang='lat' dir='ltr'><strong>scilicet</strong></span> <span class='ocrx_word' id='word_1_152' title='bbox 213 1549 319 1590; x_wconf 91' lang='lat' dir='ltr'><strong>renum</strong></span> <span class='ocrx_word' id='word_1_153' title='bbox 347 1537 377 1588; x_wconf 91' lang='lat' dir='ltr'><strong>et</strong></span> <span class='ocrx_word' id='word_1_154' title='bbox 397 1531 543 1598; x_wconf 90' lang='lat' dir='ltr'><strong>cordium,</strong></span> <span class='ocrx_word' id='word_1_155' title='bbox 569 1530 654 1585; x_wconf 83' lang='lat' dir='ltr'><strong>lesus</strong></span> <span class='ocrx_word' id='word_1_156' title='bbox 684 1528 829 1594; x_wconf 87' lang='lat' dir='ltr'><strong>Christus,</strong></span> <span class='ocrx_word' id='word_1_157' title='bbox 854 1541 906 1607; x_wconf 65' lang='lat' dir='ltr'><strong>qui</strong></span> <span class='ocrx_word' id='word_1_158' title='bbox 961 1529 1026 1603; x_wconf 90' lang='lat' dir='ltr'><strong>ejus</strong></span> <span class='ocrx_word' id='word_1_159' title='bbox 1037 1530 1355 1604; x_wconf 80' lang='lat' dir='ltr'><strong>etinvestigsbilesvim</strong></span> <span class='ocrx_word' id='word_1_160' title='bbox 1367 1532 1569 1605; x_wconf 81' lang='lat' dir='ltr'><strong>ejus‘iSanesi</strong></span> <span class='ocrx_word' id='word_1_161' title='bbox 1581 1532 1688 1590; x_wconf 74' lang='lat' dir='ltr'><strong>divinae</strong></span> <span class='ocrx_word' id='word_1_162' title='bbox 1700 1551 1785 1591; x_wconf 92' lang='lat' dir='ltr'><strong>men-</strong></span> 
     </span>
     <span class='ocr_line' id='line_1_16' title="bbox 60 1614 1784 1694; baseline -0.001 -14"><span class='ocrx_word' id='word_1_163' title='bbox 60 1624 166 1679; x_wconf 86' lang='lat' dir='ltr'><strong>habet</strong></span> <span class='ocrx_word' id='word_1_164' title='bbox 187 1641 239 1679; x_wconf 90' lang='lat' dir='ltr'><strong>cor</strong></span> <span class='ocrx_word' id='word_1_165' title='bbox 263 1621 435 1694; x_wconf 88' lang='lat' dir='ltr'><strong>principum</strong></span> <span class='ocrx_word' id='word_1_166' title='bbox 461 1619 491 1674; x_wconf 92' lang='lat' dir='ltr'><strong>in</strong></span> <span class='ocrx_word' id='word_1_167' title='bbox 507 1634 598 1674; x_wconf 90' lang='lat' dir='ltr'><strong>manu</strong></span> <span class='ocrx_word' id='word_1_168' title='bbox 619 1633 683 1685; x_wconf 88' lang='lat' dir='ltr'><strong>sua,</strong></span> <span class='ocrx_word' id='word_1_169' title='bbox 699 1616 750 1689; x_wconf 94' lang='lat' dir='ltr'><strong>qui</strong></span> <span class='ocrx_word' id='word_1_170' title='bbox 766 1614 862 1688; x_wconf 88' lang='lat' dir='ltr'><strong>aperit</strong></span> <span class='ocrx_word' id='word_1_171' title='bbox 876 1630 906 1684; x_wconf 64' lang='lat' dir='ltr'><strong>et</strong></span> <span class='ocrx_word' id='word_1_172' title='bbox 959 1616 998 1672; x_wconf 91' lang='lat' dir='ltr'><strong>tis</strong></span> <span class='ocrx_word' id='word_1_173' title='bbox 1012 1633 1121 1674; x_wconf 88' lang='lat' dir='ltr'><strong>aroana</strong></span> <span class='ocrx_word' id='word_1_174' title='bbox 1135 1619 1289 1690; x_wconf 83' lang='lat' dir='ltr'><strong>praescires</strong></span> <span class='ocrx_word' id='word_1_175' title='bbox 1304 1625 1333 1674; x_wconf 90' lang='lat' dir='ltr'><strong>et</strong></span> <span class='ocrx_word' id='word_1_176' title='bbox 1349 1619 1556 1676; x_wconf 89' lang='lat' dir='ltr'><strong>liberationem</strong></span> <span class='ocrx_word' id='word_1_177' title='bbox 1572 1623 1700 1694; x_wconf 85' lang='lat' dir='ltr'><strong>sepulcri</strong></span> <span class='ocrx_word' id='word_1_178' title='bbox 1725 1626 1784 1679; x_wconf 80' lang='lat' dir='ltr'><strong>llo·</strong></span> 
     </span>
     <span class='ocr_line' id='line_1_17' title="bbox 61 1705 1784 1783; baseline 0.001 -15"><span class='ocrx_word' id='word_1_179' title='bbox 61 1729 162 1768; x_wconf 88' lang='lat' dir='ltr'><strong>nemo</strong></span> <span class='ocrx_word' id='word_1_180' title='bbox 173 1711 295 1778; x_wconf 86' lang='lat' dir='ltr'><strong>clandit,</strong></span> <span class='ocrx_word' id='word_1_181' title='bbox 307 1726 395 1766; x_wconf 89' lang='lat' dir='ltr'><strong>aures</strong></span> <span class='ocrx_word' id='word_1_182' title='bbox 405 1713 462 1764; x_wconf 78' lang='lat' dir='ltr'><strong>tue</strong></span> <span class='ocrx_word' id='word_1_183' title='bbox 474 1707 642 1764; x_wconf 86' lang='lat' dir='ltr'><strong>serenitatis</strong></span> <span class='ocrx_word' id='word_1_184' title='bbox 654 1705 780 1777; x_wconf 90' lang='lat' dir='ltr'><strong>aperuit,</strong></span> <span class='ocrx_word' id='word_1_185' title='bbox 794 1709 823 1760; x_wconf 91' lang='lat' dir='ltr'><strong>et</strong></span> <span class='ocrx_word' id='word_1_186' title='bbox 833 1718 901 1758; x_wconf 91' lang='lat' dir='ltr'><strong>eum</strong></span> <span class='ocrx_word' id='word_1_187' title='bbox 960 1706 1063 1762; x_wconf 90' lang='lat' dir='ltr'><strong>minici</strong></span> <span class='ocrx_word' id='word_1_188' title='bbox 1078 1705 1185 1762; x_wconf 90' lang='lat' dir='ltr'><strong>occulti</strong></span> <span class='ocrx_word' id='word_1_189' title='bbox 1201 1707 1389 1763; x_wconf 79' lang='lat' dir='ltr'><strong>revelationis</strong></span> <span class='ocrx_word' id='word_1_190' title='bbox 1401 1709 1486 1764; x_wconf 91' lang='lat' dir='ltr'><strong>oculo</strong></span> <span class='ocrx_word' id='word_1_191' title='bbox 1501 1711 1688 1783; x_wconf 72' lang='lat' dir='ltr'><strong>pranderes,</strong></span> <span class='ocrx_word' id='word_1_192' title='bbox 1705 1731 1784 1769; x_wconf 91' lang='lat' dir='ltr'><strong>nun-</strong></span> 
     </span>
     <span class='ocr_line' id='line_1_18' title="bbox 61 1793 1783 1871; baseline 0.001 -14"><span class='ocrx_word' id='word_1_193' title='bbox 61 1803 127 1857; x_wconf 90' lang='lat' dir='ltr'><strong>tibi</strong></span> <span class='ocrx_word' id='word_1_194' title='bbox 143 1801 307 1858; x_wconf 87' lang='lat' dir='ltr'><strong>devotionis</strong></span> <span class='ocrx_word' id='word_1_195' title='bbox 320 1799 457 1871; x_wconf 88' lang='lat' dir='ltr'><strong>spiritum</strong></span> <span class='ocrx_word' id='word_1_196' title='bbox 472 1797 636 1869; x_wconf 86' lang='lat' dir='ltr'><strong>inspiravit.</strong></span> <span class='ocrx_word' id='word_1_197' title='bbox 649 1799 683 1850; x_wconf 90' lang='lat' dir='ltr'><strong>ut</strong></span> <span class='ocrx_word' id='word_1_198' title='bbox 693 1811 758 1868; x_wconf 80' lang='lat' dir='ltr'><strong>quae</strong></span> <span class='ocrx_word' id='word_1_199' title='bbox 769 1809 897 1866; x_wconf 79' lang='lat' dir='ltr'><strong>poenos,</strong></span> <span class='ocrx_word' id='word_1_200' title='bbox 956 1793 1028 1868; x_wconf 93' lang='lat' dir='ltr'><strong>quid</strong></span> <span class='ocrx_word' id='word_1_201' title='bbox 1043 1795 1096 1852; x_wconf 91' lang='lat' dir='ltr'><strong>tibi</strong></span> <span class='ocrx_word' id='word_1_202' title='bbox 1123 1797 1310 1852; x_wconf 90' lang='lat' dir='ltr'><strong>meritorium</strong></span> <span class='ocrx_word' id='word_1_203' title='bbox 1325 1803 1405 1852; x_wconf 89' lang='lat' dir='ltr'><strong>esset</strong></span> <span class='ocrx_word' id='word_1_204' title='bbox 1418 1803 1488 1854; x_wconf 89' lang='lat' dir='ltr'><strong>tune</strong></span> <span class='ocrx_word' id='word_1_205' title='bbox 1504 1800 1634 1870; x_wconf 90' lang='lat' dir='ltr'><strong>primum</strong></span> <span class='ocrx_word' id='word_1_206' title='bbox 1649 1801 1680 1857; x_wconf 90' lang='lat' dir='ltr'><strong>in</strong></span> <span class='ocrx_word' id='word_1_207' title='bbox 1696 1808 1783 1858; x_wconf 84' lang='lat' dir='ltr'><strong>terrm</strong></span> 
     </span>
     <span class='ocr_line' id='line_1_19' title="bbox 60 1882 1785 1958; baseline -0.001 -11"><span class='ocrx_word' id='word_1_208' title='bbox 60 1892 145 1947; x_wconf 90' lang='lat' dir='ltr'><strong>licet</strong></span> <span class='ocrx_word' id='word_1_209' title='bbox 153 1887 368 1946; x_wconf 78' lang='lat' dir='ltr'><strong>insufficientes</strong></span> <span class='ocrx_word' id='word_1_210' title='bbox 384 1887 507 1943; x_wconf 87' lang='lat' dir='ltr'><strong>vicarios</strong></span> <span class='ocrx_word' id='word_1_211' title='bbox 522 1901 591 1942; x_wconf 89' lang='lat' dir='ltr'><strong>suos</strong></span> <span class='ocrx_word' id='word_1_212' title='bbox 604 1890 635 1941; x_wconf 90' lang='lat' dir='ltr'><strong>et</strong></span> <span class='ocrx_word' id='word_1_213' title='bbox 647 1882 812 1940; x_wconf 79' lang='lat' dir='ltr'><strong>immeritos</strong></span> <span class='ocrx_word' id='word_1_214' title='bbox 827 1897 900 1953; x_wconf 87' lang='lat' dir='ltr'><strong>apo-</strong></span> <span class='ocrx_word' id='word_1_215' title='bbox 954 1889 1063 1942; x_wconf 76' lang='lat' dir='ltr'><strong>sauctae</strong></span> <span class='ocrx_word' id='word_1_216' title='bbox 1079 1883 1246 1940; x_wconf 91' lang='lat' dir='ltr'><strong>subsidium</strong></span> <span class='ocrx_word' id='word_1_217' title='bbox 1260 1885 1511 1958; x_wconf 88' lang='lat' dir='ltr'><strong>prosscisoi,quasi</strong></span> <span class='ocrx_word' id='word_1_218' title='bbox 1522 1888 1613 1944; x_wconf 88' lang='lat' dir='ltr'><strong>velles</strong></span> <span class='ocrx_word' id='word_1_219' title='bbox 1624 1889 1785 1946; x_wconf 89' lang='lat' dir='ltr'><strong>Dominum</strong></span> 
     </span>
     <span class='ocr_line' id='line_1_20' title="bbox 62 1969 1784 2050; baseline -0.001 -15"><span class='ocrx_word' id='word_1_220' title='bbox 62 1980 219 2036; x_wconf 87' lang='lat' dir='ltr'><strong>stolorum</strong></span> <span class='ocrx_word' id='word_1_221' title='bbox 234 1977 380 2050; x_wconf 87' lang='lat' dir='ltr'><strong>Principis</strong></span> <span class='ocrx_word' id='word_1_222' title='bbox 391 1991 589 2043; x_wconf 87' lang='lat' dir='ltr'><strong>successores,</strong></span> <span class='ocrx_word' id='word_1_223' title='bbox 600 1972 748 2046; x_wconf 87' lang='lat' dir='ltr'><strong>imperiali</strong></span> <span class='ocrx_word' id='word_1_224' title='bbox 761 1969 900 2044; x_wconf 89' lang='lat' dir='ltr'><strong>magnill-</strong></span> <span class='ocrx_word' id='word_1_225' title='bbox 953 1971 1055 2028; x_wconf 82' lang='lat' dir='ltr'><strong>insuae</strong></span> <span class='ocrx_word' id='word_1_226' title='bbox 1065 1970 1269 2043; x_wconf 88' lang='lat' dir='ltr'><strong>dispositionis</strong></span> <span class='ocrx_word' id='word_1_227' title='bbox 1280 1973 1470 2030; x_wconf 88' lang='lat' dir='ltr'><strong>exsecutione</strong></span> <span class='ocrx_word' id='word_1_228' title='bbox 1477 1974 1592 2046; x_wconf 91' lang='lat' dir='ltr'><strong>juvare,</strong></span> <span class='ocrx_word' id='word_1_229' title='bbox 1608 1993 1674 2047; x_wconf 76' lang='lat' dir='ltr'><strong>quae</strong></span> <span class='ocrx_word' id='word_1_230' title='bbox 1685 1995 1739 2050; x_wconf 90' lang='lat' dir='ltr'><strong>per</strong></span> <span class='ocrx_word' id='word_1_231' title='bbox 1755 1984 1784 2034; x_wconf 91' lang='lat' dir='ltr'><strong>te</strong></span> 
     </span>
     <span class='ocr_line' id='line_1_21' title="bbox 62 2059 1783 2136; baseline -0.002 -11"><span class='ocrx_word' id='word_1_232' title='bbox 62 2069 178 2125; x_wconf 78' lang='lat' dir='ltr'><strong>centius</strong></span> <span class='ocrx_word' id='word_1_233' title='bbox 194 2067 301 2124; x_wconf 90' lang='lat' dir='ltr'><strong>litteris</strong></span> <span class='ocrx_word' id='word_1_234' title='bbox 313 2066 431 2122; x_wconf 86' lang='lat' dir='ltr'><strong>lucrant</strong></span> <span class='ocrx_word' id='word_1_235' title='bbox 441 2069 560 2121; x_wconf 83' lang='lat' dir='ltr'><strong>exarata</strong></span> <span class='ocrx_word' id='word_1_236' title='bbox 573 2067 603 2120; x_wconf 89' lang='lat' dir='ltr'><strong>et</strong></span> <span class='ocrx_word' id='word_1_237' title='bbox 615 2062 735 2121; x_wconf 87' lang='lat' dir='ltr'><strong>audires</strong></span> <span class='ocrx_word' id='word_1_238' title='bbox 745 2059 901 2116; x_wconf 88' lang='lat' dir='ltr'><strong>humiliter</strong></span> <span class='ocrx_word' id='word_1_239' title='bbox 954 2076 1009 2116; x_wconf 88' lang='lat' dir='ltr'><strong>nec</strong></span> <span class='ocrx_word' id='word_1_240' title='bbox 1023 2059 1161 2132; x_wconf 89' lang='lat' dir='ltr'><strong>impediri</strong></span> <span class='ocrx_word' id='word_1_241' title='bbox 1176 2066 1278 2133; x_wconf 90' lang='lat' dir='ltr'><strong>posset</strong></span> <span class='ocrx_word' id='word_1_242' title='bbox 1292 2077 1347 2118; x_wconf 91' lang='lat' dir='ltr'><strong>neo</strong></span> <span class='ocrx_word' id='word_1_243' title='bbox 1362 2062 1451 2118; x_wconf 88' lang='lat' dir='ltr'><strong>etiam</strong></span> <span class='ocrx_word' id='word_1_244' title='bbox 1467 2064 1643 2136; x_wconf 76' lang='lat' dir='ltr'><strong>prorogarit</strong></span> <span class='ocrx_word' id='word_1_245' title='bbox 1658 2065 1711 2132; x_wconf 87' lang='lat' dir='ltr'><strong>Qui</strong></span> <span class='ocrx_word' id='word_1_246' title='bbox 1726 2066 1783 2122; x_wconf 92' lang='lat' dir='ltr'><strong>hoo</strong></span> 
     </span>
     <span class='ocr_line' id='line_1_22' title="bbox 65 2148 1784 2228; baseline -0.002 -14"><span class='ocrx_word' id='word_1_247' title='bbox 65 2165 104 2214; x_wconf 90' lang='lat' dir='ltr'><strong>et</strong></span> <span class='ocrx_word' id='word_1_248' title='bbox 119 2158 278 2228; x_wconf 85' lang='lat' dir='ltr'><strong>benignius</strong></span> <span class='ocrx_word' id='word_1_249' title='bbox 292 2159 480 2228; x_wconf 88' lang='lat' dir='ltr'><strong>acceptares;</strong></span> <span class='ocrx_word' id='word_1_250' title='bbox 500 2152 571 2209; x_wconf 90' lang='lat' dir='ltr'><strong>licet</strong></span> <span class='ocrx_word' id='word_1_251' title='bbox 592 2168 683 2226; x_wconf 87' lang='lat' dir='ltr'><strong>super</strong></span> <span class='ocrx_word' id='word_1_252' title='bbox 705 2148 899 2208; x_wconf 84' lang='lat' dir='ltr'><strong>subventione</strong></span> <span class='ocrx_word' id='word_1_253' title='bbox 954 2149 1097 2216; x_wconf 91' lang='lat' dir='ltr'><strong>sentiunt,</strong></span> <span class='ocrx_word' id='word_1_254' title='bbox 1107 2148 1206 2205; x_wconf 89' lang='lat' dir='ltr'><strong>dicere</strong></span> <span class='ocrx_word' id='word_1_255' title='bbox 1216 2148 1436 2222; x_wconf 88' lang='lat' dir='ltr'><strong>compellentur</strong></span> <span class='ocrx_word' id='word_1_256' title='bbox 1445 2151 1612 2224; x_wconf 90' lang='lat' dir='ltr'><strong>desipuisse</strong></span> <span class='ocrx_word' id='word_1_257' title='bbox 1622 2155 1784 2226; x_wconf 87' lang='lat' dir='ltr'><strong>prophetas</strong></span> 
     </span>
     <span class='ocr_line' id='line_1_23' title="bbox 65 2237 1783 2315; baseline -0.003 -12"><span class='ocrx_word' id='word_1_258' title='bbox 65 2255 161 2303; x_wconf 81' lang='lat' dir='ltr'><strong>terrm</strong></span> <span class='ocrx_word' id='word_1_259' title='bbox 176 2245 313 2303; x_wconf 88' lang='lat' dir='ltr'><strong>orientali</strong></span> <span class='ocrx_word' id='word_1_260' title='bbox 328 2245 473 2300; x_wconf 89' lang='lat' dir='ltr'><strong>hactenus</strong></span> <span class='ocrx_word' id='word_1_261' title='bbox 483 2259 543 2298; x_wconf 92' lang='lat' dir='ltr'><strong>non</strong></span> <span class='ocrx_word' id='word_1_262' title='bbox 556 2237 900 2315; x_wconf 87' lang='lat' dir='ltr'><strong>impensamagniiloen·</strong></span> <span class='ocrx_word' id='word_1_263' title='bbox 954 2237 1005 2310; x_wconf 91' lang='lat' dir='ltr'><strong>qui</strong></span> <span class='ocrx_word' id='word_1_264' title='bbox 1018 2253 1069 2292; x_wconf 90' lang='lat' dir='ltr'><strong>eos</strong></span> <span class='ocrx_word' id='word_1_265' title='bbox 1080 2239 1285 2309; x_wconf 75' lang='lat' dir='ltr'><strong>paenitentiam</strong></span> <span class='ocrx_word' id='word_1_266' title='bbox 1310 2255 1396 2312; x_wconf 87' lang='lat' dir='ltr'><strong>agere</strong></span> <span class='ocrx_word' id='word_1_267' title='bbox 1420 2239 1632 2311; x_wconf 76' lang='lat' dir='ltr'><strong>predicabant,</strong></span> <span class='ocrx_word' id='word_1_268' title='bbox 1655 2259 1783 2314; x_wconf 87' lang='lat' dir='ltr'><strong>quorum</strong></span> 
     </span>
     <span class='ocr_line' id='line_1_24' title="bbox 66 2331 1782 2404; baseline -0.002 -13"><span class='ocrx_word' id='word_1_269' title='bbox 66 2338 147 2392; x_wconf 89' lang='lat' dir='ltr'><strong>tiam</strong></span> <span class='ocrx_word' id='word_1_270' title='bbox 161 2341 242 2393; x_wconf 89' lang='lat' dir='ltr'><strong>tuam</strong></span> <span class='ocrx_word' id='word_1_271' title='bbox 258 2351 313 2390; x_wconf 91' lang='lat' dir='ltr'><strong>nos</strong></span> <span class='ocrx_word' id='word_1_272' title='bbox 327 2331 489 2390; x_wconf 82' lang='lat' dir='ltr'><strong>credideris</strong></span> <span class='ocrx_word' id='word_1_273' title='bbox 504 2332 686 2403; x_wconf 87' lang='lat' dir='ltr'><strong>increpasse,</strong></span> <span class='ocrx_word' id='word_1_274' title='bbox 709 2345 776 2385; x_wconf 92' lang='lat' dir='ltr'><strong>cum</strong></span> <span class='ocrx_word' id='word_1_275' title='bbox 799 2333 899 2384; x_wconf 87' lang='lat' dir='ltr'><strong>tamen</strong></span> <span class='ocrx_word' id='word_1_276' title='bbox 954 2331 1264 2400; x_wconf 84' lang='lat' dir='ltr'><strong>peccatumexeorum</strong></span> <span class='ocrx_word' id='word_1_277' title='bbox 1275 2331 1534 2401; x_wconf 81' lang='lat' dir='ltr'><strong>contemptubeus</strong></span> <span class='ocrx_word' id='word_1_278' title='bbox 1547 2331 1782 2404; x_wconf 72' lang='lat' dir='ltr'><strong>praevideratag-</strong></span> 
     </span>
     <span class='ocr_line' id='line_1_25' title="bbox 67 2414 1789 2496; baseline -0.003 -16"><span class='ocrx_word' id='word_1_279' title='bbox 67 2425 105 2481; x_wconf 89' lang='lat' dir='ltr'><strong>id</strong></span> <span class='ocrx_word' id='word_1_280' title='bbox 121 2443 180 2482; x_wconf 92' lang='lat' dir='ltr'><strong>non</strong></span> <span class='ocrx_word' id='word_1_281' title='bbox 195 2422 377 2496; x_wconf 90' lang='lat' dir='ltr'><strong>increpando</strong></span> <span class='ocrx_word' id='word_1_282' title='bbox 402 2421 619 2493; x_wconf 89' lang='lat' dir='ltr'><strong>scripserimus,</strong></span> <span class='ocrx_word' id='word_1_283' title='bbox 638 2417 690 2475; x_wconf 86' lang='lat' dir='ltr'><strong>sed</strong></span> <span class='ocrx_word' id='word_1_284' title='bbox 704 2418 804 2491; x_wconf 89' lang='lat' dir='ltr'><strong>potius</strong></span> <span class='ocrx_word' id='word_1_285' title='bbox 819 2431 901 2472; x_wconf 91' lang='lat' dir='ltr'><strong>com-</strong></span> <span class='ocrx_word' id='word_1_286' title='bbox 955 2414 1146 2490; x_wconf 81' lang='lat' dir='ltr'><strong>gravondum.</strong></span> <span class='ocrx_word' id='word_1_287' title='bbox 1164 2417 1201 2472; x_wconf 93' lang='lat' dir='ltr'><strong>Ut</strong></span> <span class='ocrx_word' id='word_1_288' title='bbox 1211 2433 1280 2472; x_wconf 91' lang='lat' dir='ltr'><strong>cum</strong></span> <span class='ocrx_word' id='word_1_289' title='bbox 1297 2418 1411 2490; x_wconf 80' lang='lat' dir='ltr'><strong>Moyses</strong></span> <span class='ocrx_word' id='word_1_290' title='bbox 1419 2417 1524 2489; x_wconf 90' lang='lat' dir='ltr'><strong>jussus</strong></span> <span class='ocrx_word' id='word_1_291' title='bbox 1534 2435 1552 2474; x_wconf 87' lang='lat' dir='ltr'><strong>a</strong></span> <span class='ocrx_word' id='word_1_292' title='bbox 1563 2419 1622 2474; x_wconf 81' lang='lat' dir='ltr'><strong>lico</strong></span> <span class='ocrx_word' id='word_1_293' title='bbox 1634 2421 1789 2477; x_wconf 87' lang='lat' dir='ltr'><strong>monuerit</strong></span> 
     </span>
     <span class='ocr_line' id='line_1_26' title="bbox 66 2505 1787 2584; baseline -0.003 -14"><span class='ocrx_word' id='word_1_294' title='bbox 66 2514 225 2572; x_wconf 91' lang='lat' dir='ltr'><strong>monendo</strong></span> <span class='ocrx_word' id='word_1_295' title='bbox 237 2531 244 2580; x_wconf 89' lang='lat'>;</span> <span class='ocrx_word' id='word_1_296' title='bbox 254 2511 389 2584; x_wconf 91' lang='lat' dir='ltr'><strong>quamvis</strong></span> <span class='ocrx_word' id='word_1_297' title='bbox 399 2508 611 2580; x_wconf 88' lang='lat' dir='ltr'><strong>increpationis</strong></span> <span class='ocrx_word' id='word_1_298' title='bbox 622 2507 786 2579; x_wconf 90' lang='lat' dir='ltr'><strong>alloquium</strong></span> <span class='ocrx_word' id='word_1_299' title='bbox 801 2520 900 2576; x_wconf 88' lang='lat' dir='ltr'><strong>apon·</strong></span> <span class='ocrx_word' id='word_1_300' title='bbox 955 2505 1142 2560; x_wconf 85' lang='lat' dir='ltr'><strong>Pharaonem</strong></span> <span class='ocrx_word' id='word_1_301' title='bbox 1157 2510 1191 2560; x_wconf 92' lang='lat' dir='ltr'><strong>nt</strong></span> <span class='ocrx_word' id='word_1_302' title='bbox 1205 2505 1369 2561; x_wconf 90' lang='lat' dir='ltr'><strong>dimitteret</strong></span> <span class='ocrx_word' id='word_1_303' title='bbox 1383 2506 1538 2577; x_wconf 90' lang='lat' dir='ltr'><strong>populum,</strong></span> <span class='ocrx_word' id='word_1_304' title='bbox 1555 2507 1730 2564; x_wconf 82' lang='lat' dir='ltr'><strong>induratum</strong></span> <span class='ocrx_word' id='word_1_305' title='bbox 1744 2510 1787 2564; x_wconf 91' lang='lat' dir='ltr'><strong>sic</strong></span> 
     </span>
     <span class='ocr_line' id='line_1_27' title="bbox 67 2592 1786 2670; baseline -0.003 -12"><span class='ocrx_word' id='word_1_306' title='bbox 67 2603 178 2660; x_wconf 85' lang='lat' dir='ltr'><strong>tificali</strong></span> <span class='ocrx_word' id='word_1_307' title='bbox 193 2619 254 2658; x_wconf 91' lang='lat' dir='ltr'><strong>nou</strong></span> <span class='ocrx_word' id='word_1_308' title='bbox 269 2600 307 2656; x_wconf 90' lang='lat' dir='ltr'><strong>sit</strong></span> <span class='ocrx_word' id='word_1_309' title='bbox 322 2598 421 2655; x_wconf 88' lang='lat' dir='ltr'><strong>olsscio</strong></span> <span class='ocrx_word' id='word_1_310' title='bbox 437 2597 579 2665; x_wconf 90' lang='lat' dir='ltr'><strong>alienum,</strong></span> <span class='ocrx_word' id='word_1_311' title='bbox 596 2596 682 2670; x_wconf 84' lang='lat' dir='ltr'><strong>juxta</strong></span> <span class='ocrx_word' id='word_1_312' title='bbox 696 2593 776 2667; x_wconf 88' lang='lat' dir='ltr'><strong>quod</strong></span> <span class='ocrx_word' id='word_1_313' title='bbox 791 2592 901 2649; x_wconf 85' lang='lat' dir='ltr'><strong>Paulus</strong></span> <span class='ocrx_word' id='word_1_314' title='bbox 955 2598 1055 2649; x_wconf 86' lang='lat' dir='ltr'><strong>tamen</strong></span> <span class='ocrx_word' id='word_1_315' title='bbox 1066 2592 1189 2665; x_wconf 90' lang='lat' dir='ltr'><strong>corejus</strong></span> <span class='ocrx_word' id='word_1_316' title='bbox 1199 2597 1232 2648; x_wconf 93' lang='lat' dir='ltr'><strong>ut</strong></span> <span class='ocrx_word' id='word_1_317' title='bbox 1241 2595 1386 2666; x_wconf 90' lang='lat' dir='ltr'><strong>populum</strong></span> <span class='ocrx_word' id='word_1_318' title='bbox 1399 2593 1550 2650; x_wconf 89' lang='lat' dir='ltr'><strong>dimittere</strong></span> <span class='ocrx_word' id='word_1_319' title='bbox 1561 2596 1666 2666; x_wconf 91' lang='lat' dir='ltr'><strong>nollet,</strong></span> <span class='ocrx_word' id='word_1_320' title='bbox 1679 2603 1724 2653; x_wconf 89' lang='lat' dir='ltr'><strong>est</strong></span> <span class='ocrx_word' id='word_1_321' title='bbox 1734 2598 1786 2653; x_wconf 90' lang='lat' dir='ltr'><strong>lla·</strong></span> 
     </span>
     <span class='ocr_line' id='line_1_28' title="bbox 67 2679 1789 2756; baseline -0.003 -9"><span class='ocrx_word' id='word_1_322' title='bbox 67 2692 113 2748; x_wconf 87' lang='lat' dir='ltr'><strong>ad</strong></span> <span class='ocrx_word' id='word_1_323' title='bbox 128 2690 315 2746; x_wconf 88' lang='lat' dir='ltr'><strong>Timotheum</strong></span> <span class='ocrx_word' id='word_1_324' title='bbox 339 2685 472 2743; x_wconf 89' lang='lat' dir='ltr'><strong>scribens</strong></span> <span class='ocrx_word' id='word_1_325' title='bbox 494 2685 610 2741; x_wconf 87' lang='lat' dir='ltr'><strong>aiebat:</strong></span> <span class='ocrx_word' id='word_1_326' title='bbox 632 2684 756 2740; x_wconf 80' lang='lat' dir='ltr'><strong>Predtco</strong></span> <span class='ocrx_word' id='word_1_327' title='bbox 778 2681 900 2748; x_wconf 68' lang='lat' dir='ltr'><strong>cabum,</strong></span> <span class='ocrx_word' id='word_1_328' title='bbox 956 2679 1082 2754; x_wconf 85' lang='lat' dir='ltr'><strong>gellatus</strong></span> <span class='ocrx_word' id='word_1_329' title='bbox 1093 2699 1101 2748; x_wconf 79' lang='lat'>3</span> <span class='ocrx_word' id='word_1_330' title='bbox 1114 2697 1175 2736; x_wconf 91' lang='lat' dir='ltr'><strong>nou</strong></span> <span class='ocrx_word' id='word_1_331' title='bbox 1190 2681 1247 2737; x_wconf 90' lang='lat' dir='ltr'><strong>erit</strong></span> <span class='ocrx_word' id='word_1_332' title='bbox 1261 2681 1362 2749; x_wconf 88' lang='lat' dir='ltr'><strong>etiam,</strong></span> <span class='ocrx_word' id='word_1_333' title='bbox 1375 2682 1540 2738; x_wconf 90' lang='lat' dir='ltr'><strong>secundum</strong></span> <span class='ocrx_word' id='word_1_334' title='bbox 1552 2684 1726 2756; x_wconf 87' lang='lat' dir='ltr'><strong>opinionem</strong></span> <span class='ocrx_word' id='word_1_335' title='bbox 1742 2691 1789 2742; x_wconf 89' lang='lat' dir='ltr'><strong>ta·</strong></span> 
     </span>
     <span class='ocr_line' id='line_1_29' title="bbox 65 2768 1788 2849; baseline -0.005 -12"><span class='ocrx_word' id='word_1_336' title='bbox 65 2786 147 2838; x_wconf 83' lang='lat' dir='ltr'><strong>insta</strong></span> <span class='ocrx_word' id='word_1_337' title='bbox 160 2782 326 2849; x_wconf 84' lang='lat' dir='ltr'><strong>importune,</strong></span> <span class='ocrx_word' id='word_1_338' title='bbox 344 2781 508 2847; x_wconf 83' lang='lat' dir='ltr'><strong>opportune,</strong></span> <span class='ocrx_word' id='word_1_339' title='bbox 530 2790 626 2844; x_wconf 77' lang='lat' dir='ltr'><strong>orgae,</strong></span> <span class='ocrx_word' id='word_1_340' title='bbox 652 2773 772 2840; x_wconf 86' lang='lat' dir='ltr'><strong>obsecro,</strong></span> <span class='ocrx_word' id='word_1_341' title='bbox 789 2774 902 2842; x_wconf 83' lang='lat' dir='ltr'><strong>increpo</strong></span> <span class='ocrx_word' id='word_1_342' title='bbox 956 2768 1041 2838; x_wconf 91' lang='lat' dir='ltr'><strong>lium,</strong></span> <span class='ocrx_word' id='word_1_343' title='bbox 1052 2769 1098 2826; x_wconf 89' lang='lat' dir='ltr'><strong>vel</strong></span> <span class='ocrx_word' id='word_1_344' title='bbox 1109 2768 1635 2829; x_wconf 86' lang='lat' dir='ltr'><strong>desistendumavitiisvelvirtutibus</strong></span> <span class='ocrx_word' id='word_1_345' title='bbox 1644 2773 1788 2830; x_wconf 88' lang='lat' dir='ltr'><strong>insisten-</strong></span> 
     </span>
     <span class='ocr_line' id='line_1_30' title="bbox 65 2856 1788 2938; baseline -0.003 -14"><span class='ocrx_word' id='word_1_346' title='bbox 65 2873 103 2924; x_wconf 80' lang='lat' dir='ltr'><strong>e&#39;n</strong></span> <span class='ocrx_word' id='word_1_347' title='bbox 119 2869 193 2924; x_wconf 84' lang='lat' dir='ltr'><strong>omni</strong></span> <span class='ocrx_word' id='word_1_348' title='bbox 201 2867 350 2938; x_wconf 81' lang='lat' dir='ltr'><strong>patientta,</strong></span> <span class='ocrx_word' id='word_1_349' title='bbox 365 2870 391 2920; x_wconf 90' lang='lat' dir='ltr'><strong>ct</strong></span> <span class='ocrx_word' id='word_1_350' title='bbox 406 2865 534 2920; x_wconf 82' lang='lat' dir='ltr'><strong>doctrino</strong></span> <span class='ocrx_word' id='word_1_351' title='bbox 548 2863 590 2936; x_wconf 90' lang='lat' dir='ltr'><strong>(ll</strong></span> <span class='ocrx_word' id='word_1_352' title='bbox 605 2863 674 2918; x_wconf 78' lang='lat' dir='ltr'><strong>Tim.</strong></span> <span class='ocrx_word' id='word_1_353' title='bbox 694 2879 732 2932; x_wconf 83' lang='grc' dir='ltr'><strong>ιν,</strong></span> <span class='ocrx_word' id='word_1_354' title='bbox 747 2862 786 2934; x_wconf 81' lang='lat'><strong>2).</strong></span> <span class='ocrx_word' id='word_1_355' title='bbox 811 2859 901 2915; x_wconf 84' lang='lat' dir='ltr'><strong>Mira·</strong></span> <span class='ocrx_word' id='word_1_356' title='bbox 956 2857 1038 2926; x_wconf 92' lang='lat' dir='ltr'><strong>dum,</strong></span> <span class='ocrx_word' id='word_1_357' title='bbox 1055 2858 1106 2914; x_wconf 90' lang='lat' dir='ltr'><strong>sed</strong></span> <span class='ocrx_word' id='word_1_358' title='bbox 1120 2856 1258 2915; x_wconf 89' lang='lat' dir='ltr'><strong>standum</strong></span> <span class='ocrx_word' id='word_1_359' title='bbox 1269 2859 1368 2932; x_wconf 90' lang='lat' dir='ltr'><strong>potins</strong></span> <span class='ocrx_word' id='word_1_360' title='bbox 1382 2859 1572 2933; x_wconf 90' lang='lat' dir='ltr'><strong>dispositioni</strong></span> <span class='ocrx_word' id='word_1_361' title='bbox 1586 2861 1705 2932; x_wconf 78' lang='lat' dir='ltr'><strong>divine,</strong></span> <span class='ocrx_word' id='word_1_362' title='bbox 1721 2879 1788 2934; x_wconf 79' lang='lat' dir='ltr'><strong>quaa</strong></span> 
     </span>
     <span class='ocr_line' id='line_1_31' title="bbox 65 2947 1789 3029; baseline -0.002 -16"><span class='ocrx_word' id='word_1_363' title='bbox 65 2949 670 3026; x_wconf 86' lang='lat' dir='ltr'><strong>murautemquodimperialisprudentia</strong></span> <span class='ocrx_word' id='word_1_364' title='bbox 680 2967 733 3023; x_wconf 92' lang='lat' dir='ltr'><strong>pro</strong></span> <span class='ocrx_word' id='word_1_365' title='bbox 744 2963 903 3020; x_wconf 85' lang='lat' dir='ltr'><strong>recupera·</strong></span> <span class='ocrx_word' id='word_1_366' title='bbox 956 2947 1142 3006; x_wconf 89' lang='lat' dir='ltr'><strong>damnandos</strong></span> <span class='ocrx_word' id='word_1_367' title='bbox 1156 2949 1291 3022; x_wconf 79' lang='lat' dir='ltr'><strong>praevidit</strong></span> <span class='ocrx_word' id='word_1_368' title='bbox 1306 2950 1441 3024; x_wconf 89' lang='lat' dir='ltr'><strong>singulos</strong></span> <span class='ocrx_word' id='word_1_369' title='bbox 1456 2957 1508 3008; x_wconf 84' lang='lat' dir='ltr'><strong>aut</strong></span> <span class='ocrx_word' id='word_1_370' title='bbox 1521 2952 1689 3010; x_wconf 83' lang='lat' dir='ltr'><strong>salvandos.</strong></span> <span class='ocrx_word' id='word_1_371' title='bbox 1707 2955 1789 3029; x_wconf 93' lang='lat' dir='ltr'><strong>Legit</strong></span> 
     </span>
     <span class='ocr_line' id='line_1_32' title="bbox 67 3035 1791 3112; baseline -0.003 -8"><span class='ocrx_word' id='word_1_372' title='bbox 67 3047 155 3104; x_wconf 90' lang='lat' dir='ltr'><strong>tione</strong></span> <span class='ocrx_word' id='word_1_373' title='bbox 172 3051 259 3100; x_wconf 80' lang='lat' dir='ltr'><strong>terres</strong></span> <span class='ocrx_word' id='word_1_374' title='bbox 274 3047 384 3099; x_wconf 77' lang='lat' dir='ltr'><strong>sanetas</strong></span> <span class='ocrx_word' id='word_1_375' title='bbox 398 3038 531 3097; x_wconf 92' lang='lat' dir='ltr'><strong>nondum</strong></span> <span class='ocrx_word' id='word_1_376' title='bbox 549 3056 615 3096; x_wconf 90' lang='lat' dir='ltr'><strong>esse</strong></span> <span class='ocrx_word' id='word_1_377' title='bbox 628 3037 826 3096; x_wconf 88' lang='lat' dir='ltr'><strong>laborandum</strong></span> <span class='ocrx_word' id='word_1_378' title='bbox 840 3035 902 3092; x_wconf 85' lang='lat' dir='ltr'><strong>visa</strong></span> <span class='ocrx_word' id='word_1_379' title='bbox 957 3038 1035 3094; x_wconf 89' lang='lat' dir='ltr'><strong>siout</strong></span> <span class='ocrx_word' id='word_1_380' title='bbox 1049 3037 1208 3111; x_wconf 88' lang='lat' dir='ltr'><strong>credimus,</strong></span> <span class='ocrx_word' id='word_1_381' title='bbox 1225 3039 1390 3112; x_wconf 90' lang='lat' dir='ltr'><strong>imperialis</strong></span> <span class='ocrx_word' id='word_1_382' title='bbox 1403 3040 1581 3098; x_wconf 82' lang='lat' dir='ltr'><strong>excellentia</strong></span> <span class='ocrx_word' id='word_1_383' title='bbox 1604 3043 1651 3098; x_wconf 91' lang='lat' dir='ltr'><strong>vel</strong></span> <span class='ocrx_word' id='word_1_384' title='bbox 1677 3042 1791 3100; x_wconf 83' lang='lat' dir='ltr'><strong>audivit</strong></span> 
     </span>
     <span class='ocr_line' id='line_1_33' title="bbox 68 3108 1790 3204; baseline -0.001 -14"><span class='ocrx_word' id='word_1_385' title='bbox 68 3138 119 3190; x_wconf 91' lang='lat' dir='ltr'><strong>est</strong></span> <span class='ocrx_word' id='word_1_386' title='bbox 134 3132 196 3190; x_wconf 92' lang='lat' dir='ltr'><strong>suis</strong></span> <span class='ocrx_word' id='word_1_387' title='bbox 211 3130 318 3188; x_wconf 84' lang='lat' dir='ltr'><strong>litteris</strong></span> <span class='ocrx_word' id='word_1_388' title='bbox 333 3129 467 3185; x_wconf 89' lang='lat' dir='ltr'><strong>innuisse</strong></span> <span class='ocrx_word' id='word_1_389' title='bbox 481 3143 488 3183; x_wconf 91' lang='lat'>:</span> <span class='ocrx_word' id='word_1_390' title='bbox 504 3126 574 3201; x_wconf 87' lang='lat' dir='ltr'><strong>quia</strong></span> <span class='ocrx_word' id='word_1_391' title='bbox 589 3125 667 3183; x_wconf 89' lang='lat' dir='ltr'><strong>sicut</strong></span> <span class='ocrx_word' id='word_1_392' title='bbox 679 3141 715 3182; x_wconf 87' lang='lat' dir='ltr'><strong>ex</strong></span> <span class='ocrx_word' id='word_1_393' title='bbox 729 3123 901 3182; x_wconf 86' lang='lat' dir='ltr'><strong>detentione</strong></span> <span class='ocrx_word' id='word_1_394' title='bbox 916 3108 943 3174; x_wconf 74' lang='lat' dir='ltr'><strong>(i</strong></span> <span class='ocrx_word' id='word_1_395' title='bbox 957 3126 1036 3199; x_wconf 92' lang='lat' dir='ltr'><strong>quod</strong></span> <span class='ocrx_word' id='word_1_396' title='bbox 1051 3133 1172 3200; x_wconf 88' lang='lat' dir='ltr'><strong>propter</strong></span> <span class='ocrx_word' id='word_1_397' title='bbox 1185 3133 1340 3201; x_wconf 87' lang='lat' dir='ltr'><strong>peccatum</strong></span> <span class='ocrx_word' id='word_1_398' title='bbox 1356 3129 1512 3187; x_wconf 89' lang='lat' dir='ltr'><strong>lsraelitici</strong></span> <span class='ocrx_word' id='word_1_399' title='bbox 1529 3131 1645 3204; x_wconf 92' lang='lat' dir='ltr'><strong>populi,</strong></span> <span class='ocrx_word' id='word_1_400' title='bbox 1661 3131 1790 3204; x_wconf 86' lang='lat' dir='ltr'><strong>quodra-</strong></span> 
     </span>
     <span class='ocr_line' id='line_1_34' title="bbox 69 3214 1791 3296; baseline -0.002 -17"><span class='ocrx_word' id='word_1_401' title='bbox 69 3222 265 3296; x_wconf 78' lang='lat' dir='ltr'><strong>ipsiusterrae</strong></span> <span class='ocrx_word' id='word_1_402' title='bbox 276 3214 687 3292; x_wconf 82' lang='lat' dir='ltr'><strong>poteratevidenteragnosci,</strong></span> <span class='ocrx_word' id='word_1_403' title='bbox 700 3214 834 3272; x_wconf 90' lang='lat' dir='ltr'><strong>nondum</strong></span> <span class='ocrx_word' id='word_1_404' title='bbox 845 3214 898 3269; x_wconf 86' lang='lat' dir='ltr'><strong>llo·</strong></span> <span class='ocrx_word' id='word_1_405' title='bbox 953 3215 1036 3289; x_wconf 87' lang='lat' dir='ltr'><strong>ginta</strong></span> <span class='ocrx_word' id='word_1_406' title='bbox 1057 3215 1134 3286; x_wconf 89' lang='lat' dir='ltr'><strong>dies,</strong></span> <span class='ocrx_word' id='word_1_407' title='bbox 1155 3216 1264 3289; x_wconf 90' lang='lat' dir='ltr'><strong>quibus</strong></span> <span class='ocrx_word' id='word_1_408' title='bbox 1293 3216 1439 3274; x_wconf 89' lang='lat' dir='ltr'><strong>debuerat</strong></span> <span class='ocrx_word' id='word_1_409' title='bbox 1453 3223 1563 3275; x_wconf 90' lang='lat' dir='ltr'><strong>terram</strong></span> <span class='ocrx_word' id='word_1_410' title='bbox 1576 3221 1791 3292; x_wconf 90' lang='lat' dir='ltr'><strong>repromissam</strong></span> 
     </span>
     <span class='ocr_line' id='line_1_35' title="bbox 70 3301 1793 3383; baseline -0.002 -15"><span class='ocrx_word' id='word_1_411' title='bbox 70 3309 320 3383; x_wconf 89' lang='lat' dir='ltr'><strong>minuspeccatis</strong></span> <span class='ocrx_word' id='word_1_412' title='bbox 344 3306 455 3364; x_wconf 89' lang='lat' dir='ltr'><strong>uostris</strong></span> <span class='ocrx_word' id='word_1_413' title='bbox 482 3305 579 3362; x_wconf 86' lang='lat' dir='ltr'><strong>inerat</strong></span> <span class='ocrx_word' id='word_1_414' title='bbox 606 3303 819 3376; x_wconf 87' lang='lat' dir='ltr'><strong>complacatus,</strong></span> <span class='ocrx_word' id='word_1_415' title='bbox 848 3301 900 3374; x_wconf 91' lang='lat' dir='ltr'><strong>qui</strong></span> <span class='ocrx_word' id='word_1_416' title='bbox 955 3310 1078 3374; x_wconf 79' lang='lat' dir='ltr'><strong>intrare,</strong></span> <span class='ocrx_word' id='word_1_417' title='bbox 1092 3305 1124 3362; x_wconf 92' lang='lat' dir='ltr'><strong>in</strong></span> <span class='ocrx_word' id='word_1_418' title='bbox 1138 3322 1237 3362; x_wconf 87' lang='lat' dir='ltr'><strong>annos</strong></span> <span class='ocrx_word' id='word_1_419' title='bbox 1253 3305 1379 3362; x_wconf 89' lang='lat' dir='ltr'><strong>totidem</strong></span> <span class='ocrx_word' id='word_1_420' title='bbox 1393 3307 1540 3364; x_wconf 87' lang='lat' dir='ltr'><strong>Dominus</strong></span> <span class='ocrx_word' id='word_1_421' title='bbox 1555 3309 1748 3366; x_wconf 88' lang='lat' dir='ltr'><strong>commutavit</strong></span> <span class='ocrx_word' id='word_1_422' title='bbox 1763 3313 1793 3364; x_wconf 92' lang='lat' dir='ltr'><strong>et</strong></span> 
     </span>
     <span class='ocr_line' id='line_1_36' title="bbox 72 3391 1791 3469; baseline -0.003 -11"><span class='ocrx_word' id='word_1_423' title='bbox 72 3418 137 3458; x_wconf 91' lang='lat' dir='ltr'><strong>non</strong></span> <span class='ocrx_word' id='word_1_424' title='bbox 166 3399 197 3455; x_wconf 92' lang='lat' dir='ltr'><strong>in</strong></span> <span class='ocrx_word' id='word_1_425' title='bbox 223 3396 424 3466; x_wconf 90' lang='lat' dir='ltr'><strong>multitudino,</strong></span> <span class='ocrx_word' id='word_1_426' title='bbox 453 3410 510 3451; x_wconf 86' lang='lat' dir='ltr'><strong>uec</strong></span> <span class='ocrx_word' id='word_1_427' title='bbox 534 3395 663 3462; x_wconf 91' lang='lat' dir='ltr'><strong>inarcu,</strong></span> <span class='ocrx_word' id='word_1_428' title='bbox 681 3391 901 3450; x_wconf 87' lang='lat' dir='ltr'><strong>sediuvirtuts</strong></span> <span class='ocrx_word' id='word_1_429' title='bbox 956 3394 1136 3450; x_wconf 85' lang='lat' dir='ltr'><strong>econtrario</strong></span> <span class='ocrx_word' id='word_1_430' title='bbox 1151 3393 1188 3451; x_wconf 89' lang='lat' dir='ltr'><strong>ad</strong></span> <span class='ocrx_word' id='word_1_431' title='bbox 1203 3395 1420 3451; x_wconf 91' lang='lat' dir='ltr'><strong>contritionem</strong></span> <span class='ocrx_word' id='word_1_432' title='bbox 1436 3401 1466 3452; x_wconf 89' lang='lat' dir='ltr'><strong>et</strong></span> <span class='ocrx_word' id='word_1_433' title='bbox 1480 3395 1628 3469; x_wconf 83' lang='lat' dir='ltr'><strong>lacrymas</strong></span> <span class='ocrx_word' id='word_1_434' title='bbox 1649 3397 1791 3464; x_wconf 80' lang='lat' dir='ltr'><strong>Ezechias,</strong></span> 
     </span>
     <span class='ocr_line' id='line_1_37' title="bbox 72 3480 1789 3558; baseline -0.002 -12"><span class='ocrx_word' id='word_1_435' title='bbox 72 3506 131 3546; x_wconf 90' lang='lat' dir='ltr'><strong>sua</strong></span> <span class='ocrx_word' id='word_1_436' title='bbox 144 3486 240 3544; x_wconf 84' lang='lat' dir='ltr'><strong>salvos</strong></span> <span class='ocrx_word' id='word_1_437' title='bbox 255 3485 326 3543; x_wconf 86' lang='lat' dir='ltr'><strong>lacit</strong></span> <span class='ocrx_word' id='word_1_438' title='bbox 340 3484 376 3541; x_wconf 92' lang='lat' dir='ltr'><strong>de</strong></span> <span class='ocrx_word' id='word_1_439' title='bbox 401 3500 455 3540; x_wconf 87' lang='lat' dir='ltr'><strong>sua</strong></span> <span class='ocrx_word' id='word_1_440' title='bbox 478 3480 683 3539; x_wconf 86' lang='lat' dir='ltr'><strong>misericordia</strong></span> <span class='ocrx_word' id='word_1_441' title='bbox 704 3480 901 3538; x_wconf 77' lang='lat' dir='ltr'><strong>confidentes.</strong></span> <span class='ocrx_word' id='word_1_442' title='bbox 957 3482 1047 3538; x_wconf 89' lang='lat' dir='ltr'><strong>vitam</strong></span> <span class='ocrx_word' id='word_1_443' title='bbox 1062 3483 1127 3557; x_wconf 88' lang='lat' dir='ltr'><strong>ejus</strong></span> <span class='ocrx_word' id='word_1_444' title='bbox 1137 3483 1216 3538; x_wconf 90' lang='lat' dir='ltr'><strong>inter</strong></span> <span class='ocrx_word' id='word_1_445' title='bbox 1226 3483 1334 3554; x_wconf 89' lang='lat' dir='ltr'><strong>quinos</strong></span> <span class='ocrx_word' id='word_1_446' title='bbox 1352 3500 1448 3541; x_wconf 91' lang='lat' dir='ltr'><strong>annos</strong></span> <span class='ocrx_word' id='word_1_447' title='bbox 1459 3485 1601 3541; x_wconf 89' lang='lat' dir='ltr'><strong>extendit.</strong></span> <span class='ocrx_word' id='word_1_448' title='bbox 1615 3487 1656 3542; x_wconf 84' lang='lat' dir='ltr'><strong>Ex</strong></span> <span class='ocrx_word' id='word_1_449' title='bbox 1667 3501 1725 3558; x_wconf 88' lang='lat' dir='ltr'><strong>quo</strong></span> <span class='ocrx_word' id='word_1_450' title='bbox 1736 3503 1789 3558; x_wconf 90' lang='lat' dir='ltr'><strong>po·</strong></span> 
     </span>
     <span class='ocr_line' id='line_1_38' title="bbox 75 3566 1792 3646; baseline -0.002 -13"><span class='ocrx_word' id='word_1_451' title='bbox 75 3578 177 3634; x_wconf 86' lang='lat' dir='ltr'><strong>Times</strong></span> <span class='ocrx_word' id='word_1_452' title='bbox 192 3575 283 3644; x_wconf 90' lang='lat' dir='ltr'><strong>enirn,</strong></span> <span class='ocrx_word' id='word_1_453' title='bbox 300 3574 377 3630; x_wconf 88' lang='lat' dir='ltr'><strong>sicut</strong></span> <span class='ocrx_word' id='word_1_454' title='bbox 391 3577 448 3629; x_wconf 83' lang='lat' dir='ltr'><strong>tuae</strong></span> <span class='ocrx_word' id='word_1_455' title='bbox 472 3571 578 3627; x_wconf 81' lang='lat' dir='ltr'><strong>littere</strong></span> <span class='ocrx_word' id='word_1_456' title='bbox 594 3569 796 3638; x_wconf 90' lang='lat' dir='ltr'><strong>continebant,</strong></span> <span class='ocrx_word' id='word_1_457' title='bbox 821 3583 858 3624; x_wconf 91' lang='lat' dir='ltr'><strong>ne</strong></span> <span class='ocrx_word' id='word_1_458' title='bbox 878 3566 902 3623; x_wconf 93' lang='lat' dir='ltr'><strong>si</strong></span> <span class='ocrx_word' id='word_1_459' title='bbox 960 3575 1020 3627; x_wconf 87' lang='lat' dir='ltr'><strong>test</strong></span> <span class='ocrx_word' id='word_1_460' title='bbox 1034 3570 1123 3643; x_wconf 88' lang='lat' dir='ltr'><strong>plene</strong></span> <span class='ocrx_word' id='word_1_461' title='bbox 1134 3572 1278 3644; x_wconf 88' lang='lat' dir='ltr'><strong>perpendi</strong></span> <span class='ocrx_word' id='word_1_462' title='bbox 1288 3571 1368 3644; x_wconf 90' lang='lat' dir='ltr'><strong>quod</strong></span> <span class='ocrx_word' id='word_1_463' title='bbox 1379 3577 1408 3628; x_wconf 92' lang='lat' dir='ltr'><strong>et</strong></span> <span class='ocrx_word' id='word_1_464' title='bbox 1421 3577 1539 3646; x_wconf 88' lang='lat' dir='ltr'><strong>tempus</strong></span> <span class='ocrx_word' id='word_1_465' title='bbox 1549 3575 1642 3646; x_wconf 85' lang='lat' dir='ltr'><strong>possit</strong></span> <span class='ocrx_word' id='word_1_466' title='bbox 1652 3589 1792 3646; x_wconf 90' lang='lat' dir='ltr'><strong>persecu-</strong></span> 
     </span>
     <span class='ocr_line' id='line_1_39' title="bbox 77 3657 1792 3738; baseline -0.003 -15"><span class='ocrx_word' id='word_1_467' title='bbox 77 3657 903 3738; x_wconf 78' lang='lat' dir='ltr'><strong>tempusaDeoejusdemterreliberationiprevisum,</strong></span> <span class='ocrx_word' id='word_1_468' title='bbox 963 3659 1055 3715; x_wconf 88' lang='lat' dir='ltr'><strong>tionis</strong></span> <span class='ocrx_word' id='word_1_469' title='bbox 1083 3659 1264 3716; x_wconf 76' lang='lat' dir='ltr'><strong>Saracenicre</strong></span> <span class='ocrx_word' id='word_1_470' title='bbox 1295 3659 1428 3716; x_wconf 84' lang='lat' dir='ltr'><strong>breviare</strong></span> <span class='ocrx_word' id='word_1_471' title='bbox 1455 3661 1505 3732; x_wconf 82' lang='lat' dir='ltr'><strong>qui</strong></span> <span class='ocrx_word' id='word_1_472' title='bbox 1534 3662 1565 3717; x_wconf 93' lang='lat' dir='ltr'><strong>iu</strong></span> <span class='ocrx_word' id='word_1_473' title='bbox 1586 3663 1741 3736; x_wconf 84' lang='lat' dir='ltr'><strong>Evangelio</strong></span> <span class='ocrx_word' id='word_1_474' title='bbox 1755 3662 1792 3718; x_wconf 90' lang='lat' dir='ltr'><strong>de</strong></span> 
     </span>
    </p>
   </div>
   <div class='ocr_carea' id='block_1_3' title="bbox 75 3747 912 4445">
    <p class='ocr_par' dir='ltr' id='par_1_6' title="bbox 75 3747 912 4445">
     <span class='ocr_line' id='line_1_40' title="bbox 78 3747 906 3828; baseline -0.013 -16"><span class='ocrx_word' id='word_1_475' title='bbox 78 3753 245 3828; x_wconf 89' lang='lat' dir='ltr'><strong>imperialis</strong></span> <span class='ocrx_word' id='word_1_476' title='bbox 260 3752 406 3808; x_wconf 89' lang='lat' dir='ltr'><strong>serenitas</strong></span> <span class='ocrx_word' id='word_1_477' title='bbox 419 3749 546 3806; x_wconf 87' lang='lat' dir='ltr'><strong>volucrit</strong></span> <span class='ocrx_word' id='word_1_478' title='bbox 559 3748 731 3821; x_wconf 73' lang='lat' dir='ltr'><strong>praevenire,</strong></span> <span class='ocrx_word' id='word_1_479' title='bbox 749 3765 780 3804; x_wconf 91' lang='lat' dir='ltr'><strong>se</strong></span> <span class='ocrx_word' id='word_1_480' title='bbox 795 3747 906 3804; x_wconf 81' lang='lat' dir='ltr'><strong>frustra</strong></span> 
     </span>
     <span class='ocr_line' id='line_1_41' title="bbox 75 3837 906 3914; baseline -0.012 -14"><span class='ocrx_word' id='word_1_481' title='bbox 75 3844 231 3901; x_wconf 86' lang='lat' dir='ltr'><strong>laborasse</strong></span> <span class='ocrx_word' id='word_1_482' title='bbox 247 3840 382 3914; x_wconf 90' lang='lat' dir='ltr'><strong>deploret</strong></span> <span class='ocrx_word' id='word_1_483' title='bbox 391 3844 420 3896; x_wconf 91' lang='lat' dir='ltr'><strong>et</strong></span> <span class='ocrx_word' id='word_1_484' title='bbox 430 3837 761 3910; x_wconf 79' lang='lat' dir='ltr'><strong>increpeturallomino</strong></span> <span class='ocrx_word' id='word_1_485' title='bbox 772 3853 826 3909; x_wconf 90' lang='lat' dir='ltr'><strong>per</strong></span> <span class='ocrx_word' id='word_1_486' title='bbox 835 3838 906 3891; x_wconf 86' lang='lat' dir='ltr'><strong>Pro·</strong></span> 
     </span>
     <span class='ocr_line' id='line_1_42' title="bbox 79 3929 905 4006; baseline -0.01 -18"><span class='ocrx_word' id='word_1_487' title='bbox 79 3934 204 4006; x_wconf 90' lang='lat' dir='ltr'><strong>phetam</strong></span> <span class='ocrx_word' id='word_1_488' title='bbox 219 3931 387 3988; x_wconf 88' lang='lat' dir='ltr'><strong>dicentem:</strong></span> <span class='ocrx_word' id='word_1_489' title='bbox 403 3929 654 3997; x_wconf 76' lang='lat' dir='ltr'><strong>Sibirepnooemnt</strong></span> <span class='ocrx_word' id='word_1_490' title='bbox 667 3931 693 3982; x_wconf 87' lang='lat' dir='ltr'><strong>et</strong></span> <span class='ocrx_word' id='word_1_491' title='bbox 706 3941 761 3982; x_wconf 84' lang='lat' dir='ltr'><strong>noa</strong></span> <span class='ocrx_word' id='word_1_492' title='bbox 769 3942 823 3997; x_wconf 82' lang='lat' dir='ltr'><strong>per</strong></span> <span class='ocrx_word' id='word_1_493' title='bbox 844 3941 905 3980; x_wconf 86' lang='lat' dir='ltr'><strong>me:</strong></span> 
     </span>
     <span class='ocr_line' id='line_1_43' title="bbox 81 4017 908 4090; baseline -0.008 -11"><span class='ocrx_word' id='word_1_494' title='bbox 81 4024 218 4078; x_wconf 83' lang='lat' dir='ltr'><strong>dominati</strong></span> <span class='ocrx_word' id='word_1_495' title='bbox 240 4027 314 4090; x_wconf 86' lang='lat' dir='ltr'><strong>suat,</strong></span> <span class='ocrx_word' id='word_1_496' title='bbox 338 4037 386 4076; x_wconf 86' lang='lat' dir='ltr'><strong>aco</strong></span> <span class='ocrx_word' id='word_1_497' title='bbox 410 4037 451 4075; x_wconf 85' lang='lat' dir='ltr'><strong>mo</strong></span> <span class='ocrx_word' id='word_1_498' title='bbox 475 4022 607 4075; x_wconf 73' lang='lat' dir='ltr'><strong>account</strong></span> <span class='ocrx_word' id='word_1_499' title='bbox 627 4017 703 4090; x_wconf 83' lang='lat' dir='ltr'><strong>(Osee</strong></span> <span class='ocrx_word' id='word_1_500' title='bbox 716 4033 773 4085; x_wconf 76' lang='lat' dir='ltr'><strong>vrri,</strong></span> <span class='ocrx_word' id='word_1_501' title='bbox 797 4017 836 4089; x_wconf 78' lang='lat' dir='ltr'><strong>i).</strong></span> <span class='ocrx_word' id='word_1_502' title='bbox 852 4017 908 4072; x_wconf 87' lang='lat' dir='ltr'><strong>Ve-</strong></span> 
     </span>
     <span class='ocr_line' id='line_1_44' title="bbox 82 4106 909 4181; baseline -0.008 -14"><span class='ocrx_word' id='word_1_503' title='bbox 82 4116 199 4180; x_wconf 87' lang='lat' dir='ltr'><strong>num‚ut</strong></span> <span class='ocrx_word' id='word_1_504' title='bbox 209 4127 270 4167; x_wconf 91' lang='lat' dir='ltr'><strong>non</strong></span> <span class='ocrx_word' id='word_1_505' title='bbox 287 4116 347 4167; x_wconf 90' lang='lat' dir='ltr'><strong>tarn</strong></span> <span class='ocrx_word' id='word_1_506' title='bbox 362 4109 399 4165; x_wconf 89' lang='lat' dir='ltr'><strong>ad</strong></span> <span class='ocrx_word' id='word_1_507' title='bbox 414 4107 678 4181; x_wconf 87' lang='lat' dir='ltr'><strong>reprehensionem</strong></span> <span class='ocrx_word' id='word_1_508' title='bbox 694 4121 783 4179; x_wconf 87' lang='lat' dir='ltr'><strong>quam</strong></span> <span class='ocrx_word' id='word_1_509' title='bbox 797 4106 909 4162; x_wconf 89' lang='lat' dir='ltr'><strong>instru-</strong></span> 
     </span>
     <span class='ocr_line' id='line_1_45' title="bbox 82 4195 909 4273; baseline -0.008 -16"><span class='ocrx_word' id='word_1_510' title='bbox 82 4199 213 4257; x_wconf 90' lang='lat' dir='ltr'><strong>ctionem</strong></span> <span class='ocrx_word' id='word_1_511' title='bbox 225 4199 394 4273; x_wconf 87' lang='lat' dir='ltr'><strong>loquamur,</strong></span> <span class='ocrx_word' id='word_1_512' title='bbox 409 4199 433 4253; x_wconf 89' lang='lat' dir='ltr'><strong>si</strong></span> <span class='ocrx_word' id='word_1_513' title='bbox 449 4197 606 4272; x_wconf 89' lang='lat' dir='ltr'><strong>diligenter</strong></span> <span class='ocrx_word' id='word_1_514' title='bbox 622 4195 793 4252; x_wconf 89' lang='lat' dir='ltr'><strong>consideres</strong></span> <span class='ocrx_word' id='word_1_515' title='bbox 808 4199 838 4252; x_wconf 91' lang='lat' dir='ltr'><strong>et</strong></span> <span class='ocrx_word' id='word_1_516' title='bbox 850 4195 909 4251; x_wconf 88' lang='lat' dir='ltr'><strong>ius·</strong></span> 
     </span>
     <span class='ocr_line' id='line_1_46' title="bbox 83 4283 909 4362; baseline -0.006 -18"><span class='ocrx_word' id='word_1_517' title='bbox 83 4287 441 4362; x_wconf 84' lang='lat' dir='ltr'><strong>piciasveritatem,longe</strong></span> <span class='ocrx_word' id='word_1_518' title='bbox 449 4286 536 4343; x_wconf 88' lang='lat' dir='ltr'><strong>aliter</strong></span> <span class='ocrx_word' id='word_1_519' title='bbox 547 4283 696 4359; x_wconf 89' lang='lat' dir='ltr'><strong>intelliges</strong></span> <span class='ocrx_word' id='word_1_520' title='bbox 709 4285 909 4342; x_wconf 89' lang='lat' dir='ltr'><strong>sentiendum.</strong></span> 
     </span>
     <span class='ocr_line' id='line_1_47' title="bbox 84 4372 912 4445; baseline -0.005 -13"><span class='ocrx_word' id='word_1_521' title='bbox 84 4379 235 4433; x_wconf 89' lang='lat' dir='ltr'><strong>Bonorum</strong></span> <span class='ocrx_word' id='word_1_522' title='bbox 253 4377 334 4432; x_wconf 90' lang='lat' dir='ltr'><strong>euim</strong></span> <span class='ocrx_word' id='word_1_523' title='bbox 348 4375 482 4431; x_wconf 89' lang='lat' dir='ltr'><strong>omnium</strong></span> <span class='ocrx_word' id='word_1_524' title='bbox 498 4373 593 4442; x_wconf 86' lang='lat' dir='ltr'><strong>dator,</strong></span> <span class='ocrx_word' id='word_1_525' title='bbox 610 4374 661 4445; x_wconf 91' lang='lat' dir='ltr'><strong>qui</strong></span> <span class='ocrx_word' id='word_1_526' title='bbox 675 4373 780 4430; x_wconf 87' lang='lat' dir='ltr'><strong>reddet</strong></span> <span class='ocrx_word' id='word_1_527' title='bbox 794 4372 912 4429; x_wconf 90' lang='lat' dir='ltr'><strong>unicni-</strong></span> 
     </span>
    </p>
   </div>
   <div class='ocr_carea' id='block_1_4' title="bbox 960 3747 1795 4445">
    <p class='ocr_par' dir='ltr' id='par_1_7' title="bbox 960 3747 1795 4445">
     <span class='ocr_line' id='line_1_48' title="bbox 960 3747 1793 3823; baseline 0.006 -20"><span class='ocrx_word' id='word_1_528' title='bbox 960 3747 1138 3804; x_wconf 81' lang='lat' dir='ltr'><strong>Autichristi</strong></span> <span class='ocrx_word' id='word_1_529' title='bbox 1163 3748 1370 3820; x_wconf 90' lang='lat' dir='ltr'><strong>persecutione</strong></span> <span class='ocrx_word' id='word_1_530' title='bbox 1384 3748 1503 3806; x_wconf 91' lang='lat' dir='ltr'><strong>locutus</strong></span> <span class='ocrx_word' id='word_1_531' title='bbox 1518 3750 1644 3823; x_wconf 85' lang='lat' dir='ltr'><strong>adjecit:</strong></span> <span class='ocrx_word' id='word_1_532' title='bbox 1659 3753 1717 3808; x_wconf 85' lang='lat' dir='ltr'><strong>Nisi</strong></span> <span class='ocrx_word' id='word_1_533' title='bbox 1732 3753 1793 3808; x_wconf 85' lang='lat' dir='ltr'><strong>bre-</strong></span> 
     </span>
     <span class='ocr_line' id='line_1_49' title="bbox 961 3837 1793 3909; baseline 0.005 -17"><span class='ocrx_word' id='word_1_534' title='bbox 961 3839 1031 3893; x_wconf 81' lang='lat' dir='ltr'><strong>uieti</strong></span> <span class='ocrx_word' id='word_1_535' title='bbox 1044 3839 1164 3906; x_wconf 69' lang='lat' dir='ltr'><strong>[absent</strong></span> <span class='ocrx_word' id='word_1_536' title='bbox 1186 3838 1243 3893; x_wconf 83' lang='lat' dir='ltr'><strong>dies</strong></span> <span class='ocrx_word' id='word_1_537' title='bbox 1258 3837 1346 3906; x_wconf 87' lang='lat' dir='ltr'><strong>iltius,</strong></span> <span class='ocrx_word' id='word_1_538' title='bbox 1362 3839 1438 3894; x_wconf 87' lang='lat' dir='ltr'><strong>soluo</strong></span> <span class='ocrx_word' id='word_1_539' title='bbox 1452 3843 1615 3909; x_wconf 74' lang='lat' dir='ltr'><strong>consuisset</strong></span> <span class='ocrx_word' id='word_1_540' title='bbox 1628 3843 1714 3898; x_wconf 84' lang='lat' dir='ltr'><strong>omnis</strong></span> <span class='ocrx_word' id='word_1_541' title='bbox 1728 3857 1793 3897; x_wconf 87' lang='lat' dir='ltr'><strong>coro</strong></span> 
     </span>
     <span class='ocr_line' id='line_1_50' title="bbox 961 3927 1792 4002; baseline 0.005 -18"><span class='ocrx_word' id='word_1_542' title='bbox 961 3927 1070 4002; x_wconf 87' lang='lat' dir='ltr'><strong>(llotth.</strong></span> <span class='ocrx_word' id='word_1_543' title='bbox 1087 3943 1160 3994; x_wconf 80' lang='lat' dir='ltr'><strong>xxrv,</strong></span> <span class='ocrx_word' id='word_1_544' title='bbox 1177 3927 1232 3998; x_wconf 71' lang='lat'>22).</span> <span class='ocrx_word' id='word_1_545' title='bbox 1250 3928 1397 3983; x_wconf 68' lang='lat' dir='ltr'><strong>Praeterea</strong></span> <span class='ocrx_word' id='word_1_546' title='bbox 1419 3927 1499 3984; x_wconf 90' lang='lat' dir='ltr'><strong>iuter</strong></span> <span class='ocrx_word' id='word_1_547' title='bbox 1522 3935 1645 3987; x_wconf 72' lang='lat' dir='ltr'><strong>caeteras</strong></span> <span class='ocrx_word' id='word_1_548' title='bbox 1668 3948 1792 3988; x_wconf 86' lang='lat' dir='ltr'><strong>arcanas</strong></span> 
     </span>
     <span class='ocr_line' id='line_1_51' title="bbox 961 4015 1791 4077; baseline 0.005 -5"><span class='ocrx_word' id='word_1_549' title='bbox 961 4021 991 4072; x_wconf 92' lang='lat' dir='ltr'><strong>et</strong></span> <span class='ocrx_word' id='word_1_550' title='bbox 1015 4015 1224 4072; x_wconf 89' lang='lat' dir='ltr'><strong>inscrutabiles</strong></span> <span class='ocrx_word' id='word_1_551' title='bbox 1249 4031 1353 4072; x_wconf 86' lang='lat' dir='ltr'><strong>causes</strong></span> <span class='ocrx_word' id='word_1_552' title='bbox 1378 4016 1541 4074; x_wconf 82' lang='lat' dir='ltr'><strong>invasionis</strong></span> <span class='ocrx_word' id='word_1_553' title='bbox 1565 4024 1596 4074; x_wconf 91' lang='lat' dir='ltr'><strong>et</strong></span> <span class='ocrx_word' id='word_1_554' title='bbox 1610 4020 1791 4077; x_wconf 89' lang='lat' dir='ltr'><strong>detentionis</strong></span> 
     </span>
     <span class='ocr_line' id='line_1_52' title="bbox 963 4103 1793 4172; baseline 0.005 -12"><span class='ocrx_word' id='word_1_555' title='bbox 963 4111 1050 4162; x_wconf 76' lang='lat' dir='ltr'><strong>terre</strong></span> <span class='ocrx_word' id='word_1_556' title='bbox 1066 4103 1231 4172; x_wconf 87' lang='lat' dir='ltr'><strong>orientalis,</strong></span> <span class='ocrx_word' id='word_1_557' title='bbox 1246 4105 1324 4160; x_wconf 91' lang='lat' dir='ltr'><strong>hano</strong></span> <span class='ocrx_word' id='word_1_558' title='bbox 1351 4104 1440 4162; x_wconf 90' lang='lat' dir='ltr'><strong>etiam</strong></span> <span class='ocrx_word' id='word_1_559' title='bbox 1454 4107 1598 4163; x_wconf 88' lang='lat' dir='ltr'><strong>Dominus</strong></span> <span class='ocrx_word' id='word_1_560' title='bbox 1613 4125 1667 4164; x_wconf 86' lang='lat' dir='ltr'><strong>sue</strong></span> <span class='ocrx_word' id='word_1_561' title='bbox 1690 4109 1793 4166; x_wconf 84' lang='lat' dir='ltr'><strong>forsan</strong></span> 
     </span>
     <span class='ocr_line' id='line_1_53' title="bbox 965 4194 1795 4271; baseline 0.005 -20"><span class='ocrx_word' id='word_1_562' title='bbox 965 4195 1156 4252; x_wconf 88' lang='lat' dir='ltr'><strong>miseratione</strong></span> <span class='ocrx_word' id='word_1_563' title='bbox 1167 4194 1311 4269; x_wconf 76' lang='lat' dir='ltr'><strong>previdit,</strong></span> <span class='ocrx_word' id='word_1_564' title='bbox 1324 4195 1448 4252; x_wconf 91' lang='lat' dir='ltr'><strong>utmnlti</strong></span> <span class='ocrx_word' id='word_1_565' title='bbox 1458 4197 1570 4253; x_wconf 89' lang='lat' dir='ltr'><strong>relictis</strong></span> <span class='ocrx_word' id='word_1_566' title='bbox 1582 4199 1755 4271; x_wconf 89' lang='lat' dir='ltr'><strong>parentibus</strong></span> <span class='ocrx_word' id='word_1_567' title='bbox 1765 4204 1795 4255; x_wconf 90' lang='lat' dir='ltr'><strong>et</strong></span> 
     </span>
     <span class='ocr_line' id='line_1_54' title="bbox 966 4283 1794 4357; baseline 0.002 -17"><span class='ocrx_word' id='word_1_568' title='bbox 966 4283 1144 4352; x_wconf 90' lang='lat' dir='ltr'><strong>amicis,imo</strong></span> <span class='ocrx_word' id='word_1_569' title='bbox 1155 4285 1244 4340; x_wconf 90' lang='lat' dir='ltr'><strong>etiam</strong></span> <span class='ocrx_word' id='word_1_570' title='bbox 1254 4284 1393 4340; x_wconf 87' lang='lat' dir='ltr'><strong>omnibus</strong></span> <span class='ocrx_word' id='word_1_571' title='bbox 1404 4302 1470 4357; x_wconf 79' lang='lat' dir='ltr'><strong>qun</strong></span> <span class='ocrx_word' id='word_1_572' title='bbox 1482 4284 1794 4354; x_wconf 88' lang='lat' dir='ltr'><strong>habebant,Christum</strong></span> 
     </span>
     <span class='ocr_line' id='line_1_55' title="bbox 966 4370 1794 4445; baseline 0.001 -16"><span class='ocrx_word' id='word_1_573' title='bbox 966 4377 1120 4445; x_wconf 89' lang='lat' dir='ltr'><strong>assumpto</strong></span> <span class='ocrx_word' id='word_1_574' title='bbox 1133 4370 1398 4429; x_wconf 78' lang='lat' dir='ltr'><strong>salutiferaecrucis</strong></span> <span class='ocrx_word' id='word_1_575' title='bbox 1414 4373 1497 4445; x_wconf 89' lang='lat' dir='ltr'><strong>signo</strong></span> <span class='ocrx_word' id='word_1_576' title='bbox 1509 4381 1678 4444; x_wconf 88' lang='lat' dir='ltr'><strong>sequentes,</strong></span> <span class='ocrx_word' id='word_1_577' title='bbox 1695 4375 1726 4430; x_wconf 90' lang='lat' dir='ltr'><strong>in</strong></span> <span class='ocrx_word' id='word_1_578' title='bbox 1742 4375 1794 4430; x_wconf 82' lang='lat' dir='ltr'><strong>de·</strong></span> 
     </span>
    </p>
   </div>
   <div class='ocr_carea' id='block_1_5' title="bbox 84 4461 1803 5518">
    <p class='ocr_par' dir='ltr' id='par_1_8' title="bbox 84 4461 1803 5518">
     <span class='ocr_line' id='line_1_56' title="bbox 84 4461 1794 4539; baseline 0 -18"><span class='ocrx_word' id='word_1_579' title='bbox 84 4481 143 4539; x_wconf 91' lang='lat' dir='ltr'><strong>que</strong></span> <span class='ocrx_word' id='word_1_580' title='bbox 158 4464 322 4520; x_wconf 88' lang='lat' dir='ltr'><strong>secundum</strong></span> <span class='ocrx_word' id='word_1_581' title='bbox 345 4479 435 4535; x_wconf 86' lang='lat' dir='ltr'><strong>opera</strong></span> <span class='ocrx_word' id='word_1_582' title='bbox 450 4479 513 4530; x_wconf 89' lang='lat' dir='ltr'><strong>sua,</strong></span> <span class='ocrx_word' id='word_1_583' title='bbox 525 4462 573 4518; x_wconf 89' lang='lat' dir='ltr'><strong>cui</strong></span> <span class='ocrx_word' id='word_1_584' title='bbox 597 4461 716 4517; x_wconf 83' lang='lat' dir='ltr'><strong>servitia</strong></span> <span class='ocrx_word' id='word_1_585' title='bbox 730 4466 833 4518; x_wconf 88' lang='lat' dir='ltr'><strong>coacta</strong></span> <span class='ocrx_word' id='word_1_586' title='bbox 846 4477 908 4518; x_wconf 92' lang='lat' dir='ltr'><strong>nou</strong></span> <span class='ocrx_word' id='word_1_587' title='bbox 923 4469 951 4536; x_wconf 82' lang='lat' dir='ltr'>D</span> <span class='ocrx_word' id='word_1_588' title='bbox 966 4461 1102 4519; x_wconf 85' lang='lat' dir='ltr'><strong>lensioue</strong></span> <span class='ocrx_word' id='word_1_589' title='bbox 1118 4467 1203 4516; x_wconf 79' lang='lat' dir='ltr'><strong>terra</strong></span> <span class='ocrx_word' id='word_1_590' title='bbox 1219 4461 1313 4534; x_wconf 89' lang='lat' dir='ltr'><strong>ipsius</strong></span> <span class='ocrx_word' id='word_1_591' title='bbox 1329 4461 1471 4534; x_wconf 83' lang='lat' dir='ltr'><strong>martyrio</strong></span> <span class='ocrx_word' id='word_1_592' title='bbox 1486 4467 1667 4518; x_wconf 88' lang='lat' dir='ltr'><strong>coronentur</strong></span> <span class='ocrx_word' id='word_1_593' title='bbox 1681 4469 1710 4520; x_wconf 90' lang='lat' dir='ltr'><strong>et</strong></span> <span class='ocrx_word' id='word_1_594' title='bbox 1724 4465 1794 4522; x_wconf 90' lang='lat' dir='ltr'><strong>inde</strong></span> 
     </span>
     <span class='ocr_line' id='line_1_57' title="bbox 84 4546 1794 4630; baseline 0.001 -20"><span class='ocrx_word' id='word_1_595' title='bbox 84 4556 214 4630; x_wconf 81' lang='lat' dir='ltr'><strong>placent,</strong></span> <span class='ocrx_word' id='word_1_596' title='bbox 229 4553 357 4609; x_wconf 89' lang='lat' dir='ltr'><strong>liberum</strong></span> <span class='ocrx_word' id='word_1_597' title='bbox 371 4551 487 4609; x_wconf 88' lang='lat' dir='ltr'><strong>homini</strong></span> <span class='ocrx_word' id='word_1_598' title='bbox 517 4551 664 4607; x_wconf 90' lang='lat' dir='ltr'><strong>concessit</strong></span> <span class='ocrx_word' id='word_1_599' title='bbox 687 4550 853 4620; x_wconf 88' lang='lat' dir='ltr'><strong>arbitrium,</strong></span> <span class='ocrx_word' id='word_1_600' title='bbox 877 4554 912 4607; x_wconf 88' lang='lat' dir='ltr'><strong>ut</strong></span> <span class='ocrx_word' id='word_1_601' title='bbox 965 4549 1155 4621; x_wconf 87' lang='lat' dir='ltr'><strong>triumphans</strong></span> <span class='ocrx_word' id='word_1_602' title='bbox 1175 4547 1308 4604; x_wconf 83' lang='lat' dir='ltr'><strong>Ecclesia</strong></span> <span class='ocrx_word' id='word_1_603' title='bbox 1321 4546 1440 4606; x_wconf 79' lang='lat' dir='ltr'><strong>letetur</strong></span> <span class='ocrx_word' id='word_1_604' title='bbox 1456 4553 1485 4604; x_wconf 90' lang='lat' dir='ltr'><strong>et</strong></span> <span class='ocrx_word' id='word_1_605' title='bbox 1498 4555 1641 4623; x_wconf 89' lang='lat' dir='ltr'><strong>augeatur</strong></span> <span class='ocrx_word' id='word_1_606' title='bbox 1653 4551 1683 4608; x_wconf 91' lang='lat' dir='ltr'><strong>in</strong></span> <span class='ocrx_word' id='word_1_607' title='bbox 1699 4554 1794 4624; x_wconf 79' lang='lat' dir='ltr'><strong>ecelis,</strong></span> 
     </span>
     <span class='ocr_line' id='line_1_58' title="bbox 87 4635 1796 4716; baseline -0.001 -14"><span class='ocrx_word' id='word_1_608' title='bbox 87 4661 178 4716; x_wconf 87' lang='lat' dir='ltr'><strong>super</strong></span> <span class='ocrx_word' id='word_1_609' title='bbox 192 4642 281 4698; x_wconf 89' lang='lat' dir='ltr'><strong>bisin</strong></span> <span class='ocrx_word' id='word_1_610' title='bbox 305 4638 413 4713; x_wconf 91' lang='lat' dir='ltr'><strong>quibus</strong></span> <span class='ocrx_word' id='word_1_611' title='bbox 427 4639 593 4696; x_wconf 89' lang='lat' dir='ltr'><strong>humanum</strong></span> <span class='ocrx_word' id='word_1_612' title='bbox 605 4644 706 4711; x_wconf 85' lang='lat' dir='ltr'><strong>posset</strong></span> <span class='ocrx_word' id='word_1_613' title='bbox 716 4639 849 4696; x_wconf 82' lang='lat' dir='ltr'><strong>invenire</strong></span> <span class='ocrx_word' id='word_1_614' title='bbox 863 4656 912 4696; x_wconf 87' lang='lat' dir='ltr'><strong>re·</strong></span> <span class='ocrx_word' id='word_1_615' title='bbox 966 4638 1046 4694; x_wconf 89' lang='lat' dir='ltr'><strong>unde</strong></span> <span class='ocrx_word' id='word_1_616' title='bbox 1061 4635 1194 4692; x_wconf 89' lang='lat' dir='ltr'><strong>militaus</strong></span> <span class='ocrx_word' id='word_1_617' title='bbox 1204 4635 1305 4692; x_wconf 88' lang='lat' dir='ltr'><strong>dolero</strong></span> <span class='ocrx_word' id='word_1_618' title='bbox 1321 4653 1355 4693; x_wconf 90' lang='lat' dir='ltr'><strong>ao</strong></span> <span class='ocrx_word' id='word_1_619' title='bbox 1368 4636 1511 4694; x_wconf 87' lang='lat' dir='ltr'><strong>minorari</strong></span> <span class='ocrx_word' id='word_1_620' title='bbox 1526 4639 1682 4696; x_wconf 83' lang='lat' dir='ltr'><strong>videturin</strong></span> <span class='ocrx_word' id='word_1_621' title='bbox 1696 4645 1796 4701; x_wconf 88' lang='lat' dir='ltr'><strong>terris.</strong></span> 
     </span>
     <span class='ocr_line' id='line_1_59' title="bbox 86 4725 1797 4802; baseline 0 -12"><span class='ocrx_word' id='word_1_622' title='bbox 86 4729 406 4800; x_wconf 84' lang='lat' dir='ltr'><strong>medium,1lominum</strong></span> <span class='ocrx_word' id='word_1_623' title='bbox 434 4744 495 4785; x_wconf 93' lang='lat' dir='ltr'><strong>uon</strong></span> <span class='ocrx_word' id='word_1_624' title='bbox 524 4731 662 4784; x_wconf 82' lang='lat' dir='ltr'><strong>tentaret.</strong></span> <span class='ocrx_word' id='word_1_625' title='bbox 692 4727 839 4800; x_wconf 80' lang='lat' dir='ltr'><strong>Scriptum</strong></span> <span class='ocrx_word' id='word_1_626' title='bbox 868 4732 914 4785; x_wconf 89' lang='lat' dir='ltr'><strong>est</strong></span> <span class='ocrx_word' id='word_1_627' title='bbox 967 4725 1218 4783; x_wconf 84' lang='lat' dir='ltr'><strong>Nolumusautem</strong></span> <span class='ocrx_word' id='word_1_628' title='bbox 1230 4725 1261 4780; x_wconf 90' lang='lat' dir='ltr'><strong>in</strong></span> <span class='ocrx_word' id='word_1_629' title='bbox 1272 4725 1443 4798; x_wconf 91' lang='lat' dir='ltr'><strong>hujusmodi</strong></span> <span class='ocrx_word' id='word_1_630' title='bbox 1453 4726 1677 4802; x_wconf 89' lang='lat' dir='ltr'><strong>rebusamplius</strong></span> <span class='ocrx_word' id='word_1_631' title='bbox 1689 4731 1797 4790; x_wconf 92' lang='lat' dir='ltr'><strong>immo-</strong></span> 
     </span>
     <span class='ocr_line' id='line_1_60' title="bbox 88 4814 1797 4891; baseline -0.001 -11"><span class='ocrx_word' id='word_1_632' title='bbox 88 4822 188 4880; x_wconf 90' lang='lat' dir='ltr'><strong>cnim:</strong></span> <span class='ocrx_word' id='word_1_633' title='bbox 205 4823 264 4878; x_wconf 83' lang='lat' dir='ltr'><strong>Non</strong></span> <span class='ocrx_word' id='word_1_634' title='bbox 284 4819 400 4876; x_wconf 82' lang='lat' dir='ltr'><strong>tentabis</strong></span> <span class='ocrx_word' id='word_1_635' title='bbox 421 4818 566 4874; x_wconf 63' lang='lat' dir='ltr'><strong>mutuam</strong></span> <span class='ocrx_word' id='word_1_636' title='bbox 594 4815 677 4872; x_wconf 64' lang='lat' dir='ltr'><strong>mum</strong></span> <span class='ocrx_word' id='word_1_637' title='bbox 706 4823 782 4873; x_wconf 77' lang='lat' dir='ltr'><strong>mom</strong></span> <span class='ocrx_word' id='word_1_638' title='bbox 804 4816 912 4889; x_wconf 82' lang='lat' dir='ltr'><strong>(llotth.</strong></span> <span class='ocrx_word' id='word_1_639' title='bbox 968 4815 1039 4882; x_wconf 90' lang='lat' dir='ltr'><strong>rari,</strong></span> <span class='ocrx_word' id='word_1_640' title='bbox 1053 4829 1121 4870; x_wconf 89' lang='lat' dir='ltr'><strong>cum</strong></span> <span class='ocrx_word' id='word_1_641' title='bbox 1135 4817 1215 4871; x_wconf 88' lang='lat' dir='ltr'><strong>recte</strong></span> <span class='ocrx_word' id='word_1_642' title='bbox 1231 4814 1455 4872; x_wconf 89' lang='lat' dir='ltr'><strong>attendentibus</strong></span> <span class='ocrx_word' id='word_1_643' title='bbox 1466 4820 1496 4872; x_wconf 90' lang='lat' dir='ltr'><strong>ct</strong></span> <span class='ocrx_word' id='word_1_644' title='bbox 1508 4817 1737 4891; x_wconf 89' lang='lat' dir='ltr'><strong>inspicientibus</strong></span> <span class='ocrx_word' id='word_1_645' title='bbox 1752 4822 1797 4878; x_wconf 93' lang='lat' dir='ltr'><strong>di·</strong></span> 
     </span>
     <span class='ocr_line' id='line_1_61' title="bbox 89 4901 1799 4982; baseline 0 -16"><span class='ocrx_word' id='word_1_646' title='bbox 89 4928 127 4980; x_wconf 88' lang='lat' dir='ltr'><strong>rv,</strong></span> <span class='ocrx_word' id='word_1_647' title='bbox 144 4911 182 4982; x_wconf 75' lang='lat'><strong>7).</strong></span> <span class='ocrx_word' id='word_1_648' title='bbox 195 4901 247 4964; x_wconf 82' lang='lat' dir='ltr'><strong>list</strong></span> <span class='ocrx_word' id='word_1_649' title='bbox 261 4907 351 4981; x_wconf 90' lang='lat' dir='ltr'><strong>igitur</strong></span> <span class='ocrx_word' id='word_1_650' title='bbox 364 4906 395 4962; x_wconf 92' lang='lat' dir='ltr'><strong>in</strong></span> <span class='ocrx_word' id='word_1_651' title='bbox 410 4911 492 4962; x_wconf 89' lang='lat' dir='ltr'><strong>tanta</strong></span> <span class='ocrx_word' id='word_1_652' title='bbox 512 4905 689 4961; x_wconf 86' lang='lat' dir='ltr'><strong>necessitate</strong></span> <span class='ocrx_word' id='word_1_653' title='bbox 704 4904 806 4978; x_wconf 89' lang='lat' dir='ltr'><strong>populi</strong></span> <span class='ocrx_word' id='word_1_654' title='bbox 829 4904 914 4961; x_wconf 85' lang='lat' dir='ltr'><strong>Chri·</strong></span> <span class='ocrx_word' id='word_1_655' title='bbox 968 4904 1096 4978; x_wconf 90' lang='lat' dir='ltr'><strong>ligenter</strong></span> <span class='ocrx_word' id='word_1_656' title='bbox 1111 4903 1217 4958; x_wconf 83' lang='lat' dir='ltr'><strong>veritas</strong></span> <span class='ocrx_word' id='word_1_657' title='bbox 1232 4907 1394 4976; x_wconf 83' lang='lat' dir='ltr'><strong>pateatper</strong></span> <span class='ocrx_word' id='word_1_658' title='bbox 1405 4904 1551 4978; x_wconf 87' lang='lat' dir='ltr'><strong>seipsam.</strong></span> <span class='ocrx_word' id='word_1_659' title='bbox 1567 4909 1734 4981; x_wconf 86' lang='lat' dir='ltr'><strong>Imperialis</strong></span> <span class='ocrx_word' id='word_1_660' title='bbox 1745 4928 1799 4967; x_wconf 89' lang='lat' dir='ltr'><strong>au-</strong></span> 
     </span>
     <span class='ocr_line' id='line_1_62' title="bbox 91 4990 1798 5070; baseline -0.002 -14"><span class='ocrx_word' id='word_1_661' title='bbox 91 4999 178 5058; x_wconf 90' lang='lat' dir='ltr'><strong>stiani</strong></span> <span class='ocrx_word' id='word_1_662' title='bbox 193 4997 238 5054; x_wconf 91' lang='lat' dir='ltr'><strong>vel</strong></span> <span class='ocrx_word' id='word_1_663' title='bbox 253 4995 353 5070; x_wconf 92' lang='lat' dir='ltr'><strong>potius</strong></span> <span class='ocrx_word' id='word_1_664' title='bbox 365 4996 435 5052; x_wconf 84' lang='lat' dir='ltr'><strong>lesu</strong></span> <span class='ocrx_word' id='word_1_665' title='bbox 449 4993 558 5051; x_wconf 84' lang='lat' dir='ltr'><strong>Christi</strong></span> <span class='ocrx_word' id='word_1_666' title='bbox 579 4999 641 5052; x_wconf 88' lang='lat' dir='ltr'><strong>tam</strong></span> <span class='ocrx_word' id='word_1_667' title='bbox 657 4992 713 5050; x_wconf 90' lang='lat' dir='ltr'><strong>sibi</strong></span> <span class='ocrx_word' id='word_1_668' title='bbox 737 5008 827 5064; x_wconf 84' lang='lat' dir='ltr'><strong>quarn</strong></span> <span class='ocrx_word' id='word_1_669' title='bbox 848 4995 916 5050; x_wconf 89' lang='lat' dir='ltr'><strong>uni·</strong></span> <span class='ocrx_word' id='word_1_670' title='bbox 970 4997 1031 5049; x_wconf 91' lang='lat' dir='ltr'><strong>tem</strong></span> <span class='ocrx_word' id='word_1_671' title='bbox 1046 4990 1233 5048; x_wconf 87' lang='lat' dir='ltr'><strong>celsitudinis</strong></span> <span class='ocrx_word' id='word_1_672' title='bbox 1248 4991 1305 5048; x_wconf 89' lang='lat' dir='ltr'><strong>erit</strong></span> <span class='ocrx_word' id='word_1_673' title='bbox 1319 4993 1361 5049; x_wconf 90' lang='lat' dir='ltr'><strong>sic</strong></span> <span class='ocrx_word' id='word_1_674' title='bbox 1377 4992 1536 5051; x_wconf 76' lang='lat' dir='ltr'><strong>decaetero</strong></span> <span class='ocrx_word' id='word_1_675' title='bbox 1561 4997 1678 5053; x_wconf 88' lang='lat' dir='ltr'><strong>Christo</strong></span> <span class='ocrx_word' id='word_1_676' title='bbox 1702 4999 1798 5055; x_wconf 89' lang='lat' dir='ltr'><strong>exsuli</strong></span> 
     </span>
     <span class='ocr_line' id='line_1_63' title="bbox 91 5082 1799 5160; baseline 0.001 -15"><span class='ocrx_word' id='word_1_677' title='bbox 91 5087 183 5145; x_wconf 85' lang='lat' dir='ltr'><strong>versis</strong></span> <span class='ocrx_word' id='word_1_678' title='bbox 197 5086 274 5144; x_wconf 87' lang='lat' dir='ltr'><strong>sacri</strong></span> <span class='ocrx_word' id='word_1_679' title='bbox 291 5083 479 5158; x_wconf 89' lang='lat' dir='ltr'><strong>baptismatis</strong></span> <span class='ocrx_word' id='word_1_680' title='bbox 491 5082 574 5140; x_wconf 86' lang='lat' dir='ltr'><strong>unda</strong></span> <span class='ocrx_word' id='word_1_681' title='bbox 593 5083 706 5140; x_wconf 89' lang='lat' dir='ltr'><strong>renatis</strong></span> <span class='ocrx_word' id='word_1_682' title='bbox 721 5082 816 5139; x_wconf 92' lang='lat' dir='ltr'><strong>libero</strong></span> <span class='ocrx_word' id='word_1_683' title='bbox 831 5087 917 5140; x_wconf 90' lang='lat' dir='ltr'><strong>uten-</strong></span> <span class='ocrx_word' id='word_1_684' title='bbox 972 5084 1139 5154; x_wconf 89' lang='lat' dir='ltr'><strong>subvenire,</strong></span> <span class='ocrx_word' id='word_1_685' title='bbox 1148 5088 1181 5140; x_wconf 92' lang='lat' dir='ltr'><strong>ut</strong></span> <span class='ocrx_word' id='word_1_686' title='bbox 1192 5089 1223 5141; x_wconf 90' lang='lat' dir='ltr'><strong>et</strong></span> <span class='ocrx_word' id='word_1_687' title='bbox 1231 5084 1459 5159; x_wconf 88' lang='lat' dir='ltr'><strong>obloquentium</strong></span> <span class='ocrx_word' id='word_1_688' title='bbox 1471 5086 1685 5146; x_wconf 88' lang='lat' dir='ltr'><strong>detractionem</strong></span> <span class='ocrx_word' id='word_1_689' title='bbox 1701 5091 1799 5160; x_wconf 88' lang='lat' dir='ltr'><strong>evitet,</strong></span> 
     </span>
     <span class='ocr_line' id='line_1_64' title="bbox 92 5171 1800 5254; baseline 0.003 -21"><span class='ocrx_word' id='word_1_690' title='bbox 92 5178 162 5235; x_wconf 89' lang='lat' dir='ltr'><strong>dum</strong></span> <span class='ocrx_word' id='word_1_691' title='bbox 177 5173 300 5232; x_wconf 85' lang='lat' dir='ltr'><strong>arbitrio</strong></span> <span class='ocrx_word' id='word_1_692' title='bbox 312 5171 587 5230; x_wconf 82' lang='lat' dir='ltr'><strong>etsubveuieudum</strong></span> <span class='ocrx_word' id='word_1_693' title='bbox 598 5171 692 5228; x_wconf 89' lang='lat' dir='ltr'><strong>exsuli</strong></span> <span class='ocrx_word' id='word_1_694' title='bbox 708 5171 849 5229; x_wconf 84' lang='lat' dir='ltr'><strong>crucillxo</strong></span> <span class='ocrx_word' id='word_1_695' title='bbox 861 5189 868 5240; x_wconf 85' lang='lat'>;</span> <span class='ocrx_word' id='word_1_696' title='bbox 878 5185 917 5228; x_wconf 90' lang='lat' dir='ltr'><strong>ne</strong></span> <span class='ocrx_word' id='word_1_697' title='bbox 973 5175 1039 5231; x_wconf 91' lang='lat' dir='ltr'><strong>etin</strong></span> <span class='ocrx_word' id='word_1_698' title='bbox 1049 5173 1162 5231; x_wconf 79' lang='lat' dir='ltr'><strong>ultime</strong></span> <span class='ocrx_word' id='word_1_699' title='bbox 1171 5174 1364 5233; x_wconf 89' lang='lat' dir='ltr'><strong>discussionis</strong></span> <span class='ocrx_word' id='word_1_700' title='bbox 1374 5177 1590 5235; x_wconf 88' lang='lat' dir='ltr'><strong>examineillnd</strong></span> <span class='ocrx_word' id='word_1_701' title='bbox 1598 5180 1800 5254; x_wconf 88' lang='lat' dir='ltr'><strong>evangelicum</strong></span> 
     </span>
     <span class='ocr_line' id='line_1_65' title="bbox 94 5261 1803 5339; baseline 0.001 -15"><span class='ocrx_word' id='word_1_702' title='bbox 94 5263 339 5338; x_wconf 90' lang='lat' dir='ltr'><strong>siredemptionis</strong></span> <span class='ocrx_word' id='word_1_703' title='bbox 349 5261 483 5336; x_wconf 90' lang='lat' dir='ltr'><strong>ejusdem</strong></span> <span class='ocrx_word' id='word_1_704' title='bbox 495 5266 581 5317; x_wconf 83' lang='lat' dir='ltr'><strong>terrae</strong></span> <span class='ocrx_word' id='word_1_705' title='bbox 592 5265 709 5334; x_wconf 84' lang='lat' dir='ltr'><strong>tempus</strong></span> <span class='ocrx_word' id='word_1_706' title='bbox 721 5261 856 5336; x_wconf 89' lang='lat' dir='ltr'><strong>ignotum</strong></span> <span class='ocrx_word' id='word_1_707' title='bbox 865 5261 918 5317; x_wconf 93' lang='lat' dir='ltr'><strong>ho·</strong></span> <span class='ocrx_word' id='word_1_708' title='bbox 973 5269 1077 5321; x_wconf 89' lang='lat' dir='ltr'><strong>contra</strong></span> <span class='ocrx_word' id='word_1_709' title='bbox 1090 5279 1121 5321; x_wconf 89' lang='lat' dir='ltr'><strong>se</strong></span> <span class='ocrx_word' id='word_1_710' title='bbox 1136 5263 1238 5321; x_wconf 89' lang='lat' dir='ltr'><strong>audire</strong></span> <span class='ocrx_word' id='word_1_711' title='bbox 1250 5282 1311 5322; x_wconf 91' lang='lat' dir='ltr'><strong>non</strong></span> <span class='ocrx_word' id='word_1_712' title='bbox 1322 5267 1418 5338; x_wconf 90' lang='lat' dir='ltr'><strong>possit</strong></span> <span class='ocrx_word' id='word_1_713' title='bbox 1432 5283 1438 5321; x_wconf 95' lang='lat'><strong>:</strong></span> <span class='ocrx_word' id='word_1_714' title='bbox 1454 5269 1556 5339; x_wconf 83' lang='lat' dir='ltr'><strong>Hospes</strong></span> <span class='ocrx_word' id='word_1_715' title='bbox 1570 5269 1624 5338; x_wconf 72' lang='lat' dir='ltr'><strong>sui,</strong></span> <span class='ocrx_word' id='word_1_716' title='bbox 1640 5275 1666 5324; x_wconf 87' lang='lat' dir='ltr'><strong>et</strong></span> <span class='ocrx_word' id='word_1_717' title='bbox 1680 5285 1734 5325; x_wconf 85' lang='lat' dir='ltr'><strong>non</strong></span> <span class='ocrx_word' id='word_1_718' title='bbox 1749 5272 1803 5326; x_wconf 88' lang='lat' dir='ltr'><strong>oot-</strong></span> 
     </span>
     <span class='ocr_line' id='line_1_66' title="bbox 94 5349 1801 5426; baseline 0.002 -14"><span class='ocrx_word' id='word_1_719' title='bbox 94 5353 224 5412; x_wconf 90' lang='lat' dir='ltr'><strong>minibus</strong></span> <span class='ocrx_word' id='word_1_720' title='bbox 238 5357 409 5426; x_wconf 80' lang='lat' dir='ltr'><strong>exspectare</strong></span> <span class='ocrx_word' id='word_1_721' title='bbox 424 5350 552 5407; x_wconf 84' lang='lat' dir='ltr'><strong>volueris</strong></span> <span class='ocrx_word' id='word_1_722' title='bbox 572 5355 602 5406; x_wconf 90' lang='lat' dir='ltr'><strong>et</strong></span> <span class='ocrx_word' id='word_1_723' title='bbox 621 5349 698 5406; x_wconf 91' lang='lat' dir='ltr'><strong>nihil</strong></span> <span class='ocrx_word' id='word_1_724' title='bbox 724 5365 809 5424; x_wconf 85' lang='lat' dir='ltr'><strong>agere</strong></span> <span class='ocrx_word' id='word_1_725' title='bbox 821 5367 876 5424; x_wconf 89' lang='lat' dir='ltr'><strong>per</strong></span> <span class='ocrx_word' id='word_1_726' title='bbox 890 5355 918 5408; x_wconf 89' lang='lat' dir='ltr'><strong>te</strong></span> <span class='ocrx_word' id='word_1_727' title='bbox 975 5353 1076 5424; x_wconf 69' lang='lat' dir='ltr'><strong>tepbtis</strong></span> <span class='ocrx_word' id='word_1_728' title='bbox 1091 5369 1151 5408; x_wconf 88' lang='lat' dir='ltr'><strong>me:</strong></span> <span class='ocrx_word' id='word_1_729' title='bbox 1178 5353 1313 5423; x_wconf 70' lang='lat' dir='ltr'><strong>infimas,</strong></span> <span class='ocrx_word' id='word_1_730' title='bbox 1338 5361 1364 5410; x_wconf 87' lang='lat' dir='ltr'><strong>et</strong></span> <span class='ocrx_word' id='word_1_731' title='bbox 1386 5357 1417 5410; x_wconf 81' lang='lat' dir='ltr'><strong>ia</strong></span> <span class='ocrx_word' id='word_1_732' title='bbox 1440 5370 1557 5424; x_wconf 71' lang='lat' dir='ltr'><strong>corone,</strong></span> <span class='ocrx_word' id='word_1_733' title='bbox 1582 5362 1608 5412; x_wconf 89' lang='lat' dir='ltr'><strong>ct</strong></span> <span class='ocrx_word' id='word_1_734' title='bbox 1621 5373 1676 5412; x_wconf 84' lang='lat' dir='ltr'><strong>aon</strong></span> <span class='ocrx_word' id='word_1_735' title='bbox 1691 5361 1801 5416; x_wconf 65' lang='lat' dir='ltr'><strong>orantis</strong></span> 
     </span>
     <span class='ocr_line' id='line_1_67' title="bbox 93 5437 1801 5518; baseline 0.002 -17"><span class='ocrx_word' id='word_1_736' title='bbox 93 5446 201 5518; x_wconf 91' lang='lat' dir='ltr'><strong>ipsum,</strong></span> <span class='ocrx_word' id='word_1_737' title='bbox 213 5439 590 5513; x_wconf 83' lang='lat' dir='ltr'><strong>seduniversareliuqnere</strong></span> <span class='ocrx_word' id='word_1_738' title='bbox 602 5437 789 5513; x_wconf 87' lang='lat' dir='ltr'><strong>dispositioni</strong></span> <span class='ocrx_word' id='word_1_739' title='bbox 801 5439 918 5516; x_wconf 80' lang='lat' dir='ltr'><strong>divine,</strong></span> <span class='ocrx_word' id='word_1_740' title='bbox 975 5443 1012 5499; x_wconf 90' lang='lat' dir='ltr'><strong>od</strong></span> <span class='ocrx_word' id='word_1_741' title='bbox 1025 5457 1066 5498; x_wconf 88' lang='lat' dir='ltr'><strong>me</strong></span> <span class='ocrx_word' id='word_1_742' title='bbox 1081 5441 1189 5513; x_wconf 77' lang='lat' dir='ltr'><strong>(Metti.</strong></span> <span class='ocrx_word' id='word_1_743' title='bbox 1202 5459 1269 5513; x_wconf 86' lang='lat' dir='ltr'><strong>xxv,</strong></span> <span class='ocrx_word' id='word_1_744' title='bbox 1285 5444 1342 5516; x_wconf 75' lang='lat' dir='ltr'><strong>ts).</strong></span> <span class='ocrx_word' id='word_1_745' title='bbox 1359 5441 1526 5500; x_wconf 88' lang='lat' dir='ltr'><strong>Gaudemus</strong></span> <span class='ocrx_word' id='word_1_746' title='bbox 1537 5449 1637 5501; x_wconf 90' lang='lat' dir='ltr'><strong>autem</strong></span> <span class='ocrx_word' id='word_1_747' title='bbox 1654 5447 1733 5518; x_wconf 87' lang='lat' dir='ltr'><strong>quod</strong></span> <span class='ocrx_word' id='word_1_748' title='bbox 1748 5465 1801 5504; x_wconf 90' lang='lat' dir='ltr'><strong>su-</strong></span> 
     </span>
    </p>
   </div>
   <div class='ocr_carea' id='block_1_6' title="bbox 130 5555 764 5633">
    <p class='ocr_par' dir='ltr' id='par_1_9' title="bbox 130 5555 764 5633">
     <span class='ocr_line' id='line_1_68' title="bbox 130 5555 764 5633; baseline -0.002 -20"><span class='ocrx_word' id='word_1_749' title='bbox 130 5557 205 5633; x_wconf 78' lang='lat'>(102)</span> <span class='ocrx_word' id='word_1_750' title='bbox 220 5557 304 5614; x_wconf 79' lang='lat' dir='ltr'><strong>Edita</strong></span> <span class='ocrx_word' id='word_1_751' title='bbox 319 5557 410 5615; x_wconf 90' lang='lat' dir='ltr'><strong>estin</strong></span> <span class='ocrx_word' id='word_1_752' title='bbox 425 5555 521 5615; x_wconf 87' lang='lat' dir='ltr'><strong>Gestis</strong></span> <span class='ocrx_word' id='word_1_753' title='bbox 535 5555 702 5613; x_wconf 89' lang='lat' dir='ltr'><strong>Innocentii</strong></span> <span class='ocrx_word' id='word_1_754' title='bbox 714 5556 764 5613; x_wconf 88' lang='grc' dir='ltr'><strong>ΙΙΙ.</strong></span> 
     </span>
    </p>
   </div>
   <div class='ocr_carea' id='block_1_7' title="bbox 220 5675 1678 5739">
    <p class='ocr_par' dir='ltr' id='par_1_10' title="bbox 220 5675 1678 5739">
     <span class='ocr_line' id='line_1_69' title="bbox 220 5675 1678 5739; baseline 0.003 -8"><span class='ocrx_word' id='word_1_755' title='bbox 220 5676 332 5732; x_wconf 72' lang='lat' dir='ltr'><strong>Persou</strong></span> <span class='ocrx_word' id='word_1_756' title='bbox 363 5675 478 5732; x_wconf 78' lang='lat' dir='ltr'><strong>ccxlv.</strong></span> <span class='ocrx_word' id='word_1_757' title='bbox 1644 5685 1678 5739; x_wconf 81' lang='lat'><strong>25</strong></span> 
     </span>
    </p>
   </div>
   <div class='ocr_carea' id='block_1_8' title="bbox 0 0 2023 6068">
    <p class='ocr_par' dir='ltr' id='par_1_11' title="bbox 0 0 2023 6068">
     <span class='ocr_line' id='line_1_70' title="bbox 0 0 2023 6068; baseline 0 0"><span class='ocrx_word' id='word_1_758' title='bbox 0 0 2023 6068; x_wconf 95' lang='lat' dir='ltr'><strong> </strong></span> 
     </span>
    </p>
   </div>
  </div>
 </body>
</html>
