3952 6042
96 341 100 350 .
174 319 253 364 asan
856 281 1064 346 innocencii
1085 279 1126 338 ιιι
1145 277 1247 336 naen
1852 299 1886 336 aa
1940 247 1943 278 ⁴‘

175 463 318 532 dicabant,
336 454 562 531 singulisdiebos
578 467 681 524 penem
695 449 855 520 acciperent
872 443 906 499 ad
922 438 1000 497 sulsi-
1013 435 1195 508 ptisana
1218 433 1320 490 debitis
1343 431 1493 490 liberabat.
1518 429 1662 488 circuibat
1681 437 1709 487 et
1732 431 1879 503 investiga-

177 552 311 610 cientiam
337 546 462 605 universi
489 545 621 618 (quornm
650 547 728 596 tanta
752 543 812 594 erat
840 532 999 606 promiscua
1054 524 1100 580 bat
1117 523 1270 594 diligenter
1294 520 1616 591 eleemosynariusejns
1632 534 1816 590 pauperesac
1831 524 1882 576 de-

177 643 215 714 (9)
235 639 397 706 multitudo,
409 643 439 691 ut
463 633 592 690 exederet
616 643 765 686 numerum
789 633 852 682 coro
876 619 999 677 millium
1053 612 1138 682 biles,
1155 613 1280 668 maxime
1300 609 1422 677 nobiles,
1439 607 1579 708 dabatque
1593 605 1652 663 illis
1666 607 1771 704 sigilla,
1788 615 1817 663 nt
1834 625 1882 678 per

177 726 395 804 personarum);
418 723 468 780 alii
492 729 585 778 autern
610 722 640 776 io
664 712 886 784 eleemosynaria
914 710 998 764 donao
1053 698 1177 797 cesant
1193 701 1253 770 ipsa
1278 698 1428 762 relerrent,
1453 697 1574 796 singulas
1591 695 1819 796 hebdomadibus
1836 715 1883 765 pc·

176 821 335 889 reciperent
349 816 494 870 alimenta.
520 812 555 867 Et
577 809 620 865 sic
635 807 797 863 lamelicnnr
812 793 999 873 populumnb
1053 803 1169 844 (1111111111
1195 787 1359 857 110011161θῦι
1383 787 1418 841 id
1448 791 1572 853 11111111Πί
1598 800 1754 882 Saellsilffli
1778 783 1883 842 lilibus

175 904 339 964 imminenti
363 900 488 972 periculo
510 898 649 962 liberarit,
672 895 825 951 exhortans
848 890 949 945 divites
973 890 1000 940 el
1053 875 1217 945 (11111111οοί11
1244 875 1331 930 librae
1363 889 1412 943 per
1451 872 1658 930 hebdomadam
1689 873 1882 944 impendebat,

176 1000 306 1069 potentes
319 989 415 1046 verbis
431 990 537 1060 pariter
559 994 586 1040 et
604 981 741 1052 exemplis
755 981 790 1035 ad
806 979 1002 1043 eleemosynas·
1053 964 1179 1034 exceptis
1203 961 1261 1018 illis
1285 962 1333 1033 qni
1363 962 1490 1031 quotidie
1521 961 1699 1062 recipiebant
1720 969 1770 1016 ant
1795 963 1882 1060 eibos,

174 1082 344 1154 largiendas.
362 1079 501 1142 Quantam
525 1089 591 1132 vero
619 1073 771 1143 pecuniam
797 1069 827 1124 in
853 1067 1001 1134 hocopus
1053 1056 1103 1108 aut
1122 1066 1266 1118 nurnrncs,
1292 1057 1340 1106 ant
1363 1057 1465 1106 vestes.
1493 1048 1675 1105 Permittebat
1700 1049 1787 1105 etiam
1810 1051 1883 1105 adem

176 1165 517 1242 experimentatus
541 1163 591 1234 qur
616 1161 688 1216 aran
713 1161 834 1231 igriorat.
859 1155 902 1210 aa
919 1151 1000 1208 vaano
1055 1139 1278 1210 benignissimas
1312 1139 1438 1210 renidet
1473 1135 1801 1237 paupercalcsupaaros
1830 1140 1883 1238 t101

177 1261 282 1334 quippe
298 1254 482 1328 promotionis
506 1267 577 1316 gaas,
596 1250 631 1304 ad
647 1251 842 1318 eleemosynas
857 1243 1001 1315 deputavit
1055 1239 1120 1287 ante
1145 1245 1275 1286 mensam
1290 1245 1371 1284 suam
1388 1235 1451 1299 post
1473 1228 1559 1284 batem
1585 1227 1750 1284 relectionis
1776 1243 1884 1294 ventre,

179 1350 327 1406 universos
344 1349 498 1416 proventus
515 1341 549 1396 ad
567 1355 596 1394 se
611 1339 783 1409 pertinentes
800 1337 834 1390 de
849 1333 1001 1390 oblationi·
1062 1319 1188 1390 ipsisque
1203 1317 1238 1373 (¹0
1250 1317 1294 1372 bis
1309 1333 1370 1388 que
1385 1332 1480 1373 ⁰⁰i⁸ffl
1496 1331 1529 1372 ⁰⁰
1538 1323 1745 1384 10118090ῐὸ01,
1756 1315 1887 1371 1101111111

179 1439 232 1495 bus
256 1434 379 1491 basilicae
410 1430 507 1488 Sancti
543 1429 624 1486 Petri.
659 1427 806 1492 Praeter-ee,
832 1424 866 1480 dc
890 1421 1002 1480 eunetis
1056 1407 1195 1464 0111111611·
1233 1404 1364 1461 Sibbiiii
1402 1419 1517 1475 quoque
1554 1403 1674 1459 iaciebat
1705 1404 1886 1472 naaodatum,

178 1523 361 1598 proventibus
376 1521 435 1577 suis
450 1519 568 1577 iaciebat
581 1520 721 1588 integram
732 1513 871 1570 decimam
886 1513 916 1566 iu
931 1525 1002 1581 opus
1056 1495 1154 1552 livini
1169 1509 1202 1551 ⁸0
1216 1501 1329 1564 iefdefls
1344 1500 1371 1550 θῑ
1395 1491 1529 1549 ⁰⁵⁰¹¹l³¹¹⁵
1545 1493 1630 1562 1³⁰*les
1646 1491 1801 1548 d⁰⁰d⁰⁰iffl
1818 1509 1887 1563 pau·

176 1613 365 1681 eleemosynae
379 1607 513 1678 separari,
539 1614 567 1660 st
586 1604 621 1660 de
644 1603 768 1668 residuo,
785 1600 851 1658 licet
863 1598 1001 1666 occultas,
1057 1600 1171 1658 1111111111,
1186 1592 1213 1640 θῑ
1228 1583 1352 1654 sindulis
1380 1581 1534 1638 duodecim
1559 1597 1693 1637 nummos
1707 1581 1888 1652 impendens,

179 1701 336 1774 saepissime
358 1705 451 1752 tamen
475 1695 564 1764 largas
587 1694 786 1760 eleemosynas
808 1687 1001 1758 impendebat.
1056 1671 1700 1732 111111111111111101ῑο1111111011111111111111ἰοί111111·

181 1781 363 1839 Universales
386 1778 555 1844 oblationes,
579 1776 776 1846 provenientes
798 1773 834 1827 ad
860 1773 944 1842 pedes
959 1771 1045 1870 ips-B
1095 1763 1209 1822 cxliv.
1228 1762 1304 1818 recit
1318 1771 1343 1818 et
1370 1761 1490 1833 propriis
1515 1763 1682 1832 sumptibus
1709 1761 1743 1816 ed
1761 1763 1890 1832 opusin-

182 1859 1004 1936 sius.secundumantiquamconsuetudinemaccipiebat
1063 1852 1209 1909 lirmorum
1232 1857 1257 1906 el
1288 1863 1440 1920 pauperum
1476 1847 1612 1920 hospitale
1647 1849 1745 1906 Sancti
1768 1849 1891 1920 Spiritus

183 1955 610 2028 eleemosynariusercgandas.
641 1949 1012 2021 l'nciebatergolamelioos
1062 1939 1285 2011 apulsancrarn
1304 1937 1420 1993 Mariam
1447 1937 1477 1992 in
1500 1937 1593 2006 saxia,
1620 1937 1650 1992 in
1669 1937 1891 2008 'stratapobliea

183 2048 274 2114 retici,
288 2046 381 2102 nudos
395 2043 502 2113 vestiri,
524 2041 646 2110 virgines
672 2038 858 2110 pauperculas
873 2037 1013 2119 maritari,
1059 2029 1141 2100 justa
1162 2027 1302 2097 Tiberim,
1322 2034 1389 2084 ente
1414 2025 1563 2082 basilicam
1589 2025 1687 2083 Sancti
1705 2026 1799 2094 Petri,
1816 2029 1889 2096 quod

181 2130 315 2204 parvulos
338 2127 480 2198 expositas
505 2123 620 2181 nutriri.
645 2120 836 2178 Subveniebat
851 2121 1012 2190 frequenter
1064 2125 1201 2188 quantum
1215 2116 1345 2171 ditaverit
1359 2119 1388 2171 et
1402 2115 1539 2172 dotaverit
1556 2113 1716 2186 beneficiis,
1734 2117 1888 2188 possessio·

183 2218 333 2276 monachis
349 2225 376 2273 et
400 2214 563 2272 modalibus
587 2209 793 2280 indigentibus,
816 2218 843 2267 ct
857 2209 975 2266 reclusis
985 2228 1012 2278 er
1063 2207 1157 2274 nibus,
1181 2203 1347 2272 redditibus,
1373 2203 1525 2274 thesauris,
1551 2207 1743 2274 ornamentis,
1768 2205 1849 2261 libris
1863 2213 1889 2260 et

182 2309 318 2366 eremitis.
346 2307 448 2364 Demos
470 2305 555 2361 etiarn
581 2301 728 2372 religiosas
752 2301 883 2358 visitabat
907 2301 1011 2359 multo·
1062 2293 1228 2376 privilegiis,
1244 2309 1292 2364 per
1306 2309 1337 2350 se
1351 2293 1417 2350 satis
1433 2303 1550 2366 apparet
1567 2295 1635 2366 (ll),
1651 2303 1678 2351 et
1696 2303 1726 2351 ut
1742 2295 1888 2368 religiosus

180 2453 288 2508 iactum
304 2449 340 2504 de
354 2464 410 2520 quo
436 2447 482 2503 bie
505 2453 603 2504 auctor
624 2443 768 2509 chronici,
785 2443 819 2499 ad
837 2443 923 2500 sanem
940 2445 1009 2500 anni
1061 2445 1142 2502 conti
1157 2445 1221 2501 data
1244 2445 1347 2515 legitur
1370 2446 1511 2511 Laterani,
1528 2463 1546 2502 x
1562 2447 1621 2501 dcl.
1638 2446 1728 2516 Maii,
1743 2449 1818 2518 apud
1833 2451 1887 2500 Ba-

182 2523 263 2588 1202,
280 2521 448 2576 remandare
461 2520 609 2574 videretur.
622 2521 694 2573 Nam
706 2517 887 2572 idsmauctor
904 2517 1009 2572 lactum
1061 2516 1168 2574 loeium
1184 2518 1249 2572 data
1271 2517 1375 2588 legitur
1397 2519 1542 2585 Laterani,
1565 2519 1657 2574 vllcl.
1676 2521 1760 2574 dicii.
1778 2521 1810 2575 ln
1824 2526 1889 2574 nota

181 2594 259 2650 istud
284 2593 417 2648 disertius
439 2591 586 2646 lndictioni
609 2588 860 2714 guintaeassignat.
889 2585 1010 2644 lndictio
1063 2589 1149 2661 igitur
1178 2587 1385 2659 clironolcpiec,
1421 2605 1478 2645 ιιοο
1511 2592 1540 2645 in
1566 2599 1632 2644 nota
1656 2589 1762 2659 topica,
1788 2589 1889 2645 erravit

181 2665 404 2735 cutemquinta‚
427 2679 490 2733 quae
512 2663 609 2730 jaina
654 2660 763 2716 ultimis
779 2657 927 2714 mensibus
941 2661 1010 2715 aratri
1062 2659 1452 2730 arrianuensis.30Epistola
1475 2660 1521 2728 23,
1544 2661 1675 2730 Episcopo
1696 2659 1887 2731 ilicet-aiensi,

184 2737 252 2810 1201
269 2733 414 2791 numerari
437 2735 584 2802 caeperat„
610 2732 638 2787 in
656 2730 764 2786 ultimis
779 2729 926 2785 mensibus
940 2731 1010 2787 anni
1060 2733 1136 2802 apnd
1153 2729 1298 2788 Balesium
1318 2748 1397 2802 capue
1419 2747 1453 2788 ac
1476 2732 1506 2788 in
1531 2734 1700 2802 inegrapho
1716 2735 1809 2800 Genti,
1825 2735 1888 2788 dato

185 2809 254 2864 1202
269 2805 417 2862 indictioni
439 2813 521 2860 sextae
550 2807 643 2858 locum
665 2809 806 2868 cesserat3
828 2803 1009 2870 undepatet,
1062 2804 1166 2858 diserte
1196 2801 1298 2872 legitur
1323 2804 1466 2873 Laterani,
1501 2804 1601 2858 xdoi.
1635 2804 1727 2871 liniis
1758 2805 1886 2860 latemur.

185 2879 268 2934 verba
283 2879 342 2932 brae
356 2877 436 2931 ter-tie
451 2877 510 2930 llct.
536 2875 668 2932 ianuarii
693 2871 881 2943 intelligenda
896 2887 959 2927 esse
973 2874 1009 2928 de
1061 2873 1166 2930 Verum
1192 2873 1399 2930 observandum
1415 2883 1455 2930 est
1471 2875 1545 2944 quod
1562 2875 1681 2944 epistola
1697 2875 1886 2948 subsequens,

187 2951 234 3004 die
260 2949 294 3002 30
324 2947 432 3003 mensis
462 2945 627 3002 Decembris
660 2945 740 3012 anni,
776 2943 856 3012 iuxta
880 2953 1009 3000 nostrum
1061 2945 1425 3016 quaetamindpcgrapbo
1448 2961 1534 3014 qnam
1557 2946 1887 3018 apndlialnziom,data

190 3017 373 3088 computandi
398 3033 514 3082 morem,
551 3016 628 3070 1201.
655 3015 816 3085 famemque
847 3014 927 3070 illam
952 3023 1008 3070 tam
1061 3017 1167 3073 diserte
1182 3015 1285 3084 legitur
1298 3032 1344 3072 vrri
1361 3017 1423 3072 lint.
1440 3016 1516 3082 licii,
1533 3019 1566 3072 ad
1584 3021 1718 3076 eumdem
1733 3017 1886 3090 episcopum

186 3106 313 3163 gravem,
330 3105 363 3144 ex
379 3105 434 3158 qna
450 3095 523 3143 totus
533 3102 625 3142 annus
635 3087 715 3154 1202,
731 3101 796 3140 curn
812 3100 868 3155 quo
885 3085 1009 3142 maxima
1065 3085 1280 3158 Wiporniensem
1294 3088 1401 3144 directa
1419 3096 1472 3144 est.
1493 3092 1648 3144 innumera
1669 3101 1767 3148 alutem
1787 3104 1885 3145 occur-

188 3179 223 3218 ex
247 3166 327 3231 parte
351 3158 482 3216 currebat
521 3158 640 3214 indictio
681 3158 790 3228 quinta,
813 3157 906 3213 dictus
929 3158 1132 3234 lucritflrunt
1154 3160 1183 3214 in
1209 3159 1336 3229 Regestis
1358 3160 1487 3229 exempta
1511 3161 1666 3216 litterarum
1694 3163 1737 3219 sic
1762 3160 1884 3218 seriatim

187 3231 457 3316 concamaratum
479 3247 495 3284 a
520 3229 619 3299 primis
642 3229 712 3284 enni
737 3228 820 3296 hujus
846 3229 914 3284 1202
930 3245 1011 3284 men·
1070 3231 1284 3299 dispositarum,
1300 3245 1364 3300 quse
1378 3231 1413 3286 ad
1431 3246 1518 3286 unurn
1534 3232 1726 3304 eumdemque
1741 3231 1885 3304 praelatum

185 3304 274 3370 sibus,
291 3302 442 3368 ingruisse.
458 3301 491 3356 Et
513 3301 554 3356 sic
570 3298 651 3356 iacile
666 3299 839 3371 intelligitur
853 3315 908 3370 qno
922 3308 1013 3370 pacto,
1069 3303 1183 3358 directe
1199 3305 1275 3356 sunt.
1293 3301 1372 3366 Quod
1397 3301 1421 3357 si
1445 3304 1509 3373 quis
1533 3304 1680 3360 consessus
1693 3306 1791 3369 tuerit,
1806 3302 1886 3358 iacilo

187 3391 283 3430 versus
316 3375 401 3430 lincea
435 3372 543 3428 mensis
576 3371 693 3444 Aprilis,
723 3371 859 3441 pontiiex,
884 3371 1014 3442 operibus
1069 3373 1264 3429 torsanetiam
1291 3372 1422 3428 fatebitur
1444 3373 1657 3442 corrjiciendum
1674 3392 1740 3433 esse
1755 3373 1886 3444 epistolas

186 3447 296 3517 pietatis
319 3444 431 3516 piscina
463 3445 591 3500 insistam
618 3443 659 3514 (ut
686 3446 835 3498 Gestorum
866 3443 1014 3514 scriptoris
1068 3444 1194 3508 illas,da
1217 3443 1320 3514 quibus
1345 3444 1391 3501 bio
1414 3447 1516 3512 agitur,
1539 3446 1637 3501 ambas
1658 3451 1886 3513 orroeodemque

185 3516 278 3574 serbis
297 3517 431 3585 utamur),
446 3531 509 3571 cnm
533 3513 624 3571 aalide
645 3516 730 3584 tamis
743 3513 904 3569 incaluisset
920 3514 1012 3570 inedia
1066 3515 1112 3570 die
1127 3516 1208 3570 datos
1223 3515 1319 3581 luisse,
1336 3523 1364 3571 et
1386 3520 1596 3572 Amanuensem
1614 3519 1644 3572 1ο
1660 3521 1748 3576 unius
1765 3519 1805 3573 vel
1818 3516 1886 3570 alte·

186 3592 213 3645 et
225 3597 291 3644 tnnc
305 3587 363 3658 ipse
375 3595 534 3644 moraretur
550 3586 698 3656 anagniae,
712 3586 1012 3656 protinusremeaucrit
1067 3587 1125 3642 rins
1141 3592 1208 3642 ncta
1231 3585 1442 3658 chronologica,
1466 3604 1523 3644 non
1545 3588 1575 3644 in
1594 3596 1661 3645 nota
1691 3591 1794 3662 topica,
1811 3603 1886 3644 erra·

188 3659 223 3715 cd
240 3661 336 3718 llrhem
360 3664 385 3714 et
409 3659 519 3728 coeperit
540 3659 707 3713 necessarios
729 3657 913 3728 eleemosynas
934 3657 1010 3712 indi·
1066 3659 1139 3714 visse
1154 3658 1253 3723 videri,
1277 3673 1310 3714 ao
1331 3659 1451 3730 proinde
1473 3659 1501 3714 in
1527 3660 1646 3730 epistola
1665 3661 1713 3728 23,
1737 3661 1886 3730 legendnm

186 3735 263 3803 penti
286 3731 385 3802 popnio
399 3730 553 3786 liberaliter
579 3743 701 3799 cropore,
726 3733 781 3784 ote.
807 3731 1010 3784 Verumtamen
1065 3745 1127 3785 csse
1147 3746 1208 3797 vn1,
1227 3745 1287 3784 non
1312 3747 1327 3784 x
1350 3728 1415 3786 Kal.
1449 3729 1526 3786 licii.
1559 3731 1605 3788 sie
1629 3733 1776 3790 evanuerit
1794 3728 1886 3787 omnis

188 3804 244 3858 alia
258 3802 411 3858 dillicultas
425 3803 508 3868 inest,
533 3813 630 3870 qnam,
654 3816 687 3854 ex
712 3799 888 3866 ingenuitate
903 3806 1009 3869 nostra,
1066 3800 1218 3856 dilicultas.

189 3873 371 3930 subsilentic
393 3871 607 3942 pretermittere
631 3871 791 3941 nequimus.
814 3869 1008 3938 Epistolailla,
1099 3871 1138 3943 (9)
1166 3869 1337 3928 Prorniacuo.
1366 3873 1412 3929 Sic
1441 3873 1470 3930 in
1499 3874 1598 3930 codice
1627 3874 1823 3938 vallicellano,
1845 3870 1885 3924 sic

189 3960 274 4013 snpra
298 3944 394 4011 citata,
410 3942 474 3999 libri
498 3943 590 4012 quinti
618 3941 663 4012 22,
688 3941 736 3996 cui
759 3939 885 4010 subiecta
907 3939 1010 4011 legitur
1063 3943 1148 3998 etiam
1164 3941 1193 3997 in
1209 3941 1271 3997 cod.
1288 3943 1369 4010 Pod.,
1392 3951 1421 3998 ut
1445 3945 1692 4014 monetBaluaius,
1708 3945 1786 4019 apud
1802 3955 1883 4014 quem

189 4023 258 4070 ncta
272 4014 475 4082 chronologica
498 4019 525 4068 et
549 4012 652 4082 topica,
676 4010 733 4066 dat.
750 4011 896 4082 Anepsiae,
913 4011 1008 4068 xdcl.
1063 4030 1119 4079 prae
1134 4013 1269 4079 miscrio3
1285 4015 1360 4085 qnod
1377 4015 1491 4086 quidem
1507 4023 1580 4072 stare
1597 4027 1701 4088 posset.

190 4085 264 4150 licii,
282 4101 328 4139 cn.
348 4101 377 4152 v,
402 4092 428 4138 ct
454 4085 484 4140 in
508 4098 562 4154 qna
587 4084 701 4153 quidem
726 4083 824 4138 nititur
842 4089 1009 4140 tetanostra
1099 4084 1155 4156 (10)
1172 4089 1287 4140 Pueros.
1316 4087 1361 4142 Sic
1390 4088 1419 4142 in
1448 4089 1545 4144 codice
1573 4087 1780 4156 Vallicellano;
1809 4081 1882 4154 apud

187 4157 408 4228 argumentatio,
424 4155 554 4224 epistola,
580 4154 708 4223 intratam,
723 4153 783 4220 illa,
800 4153 887 4209 unica
901 4170 934 4210 ac
948 4155 1010 4211 sola
1063 4155 1218 4219 Balantum,
1233 4173 1341 4226 porcos.

186 4235 227 4284 est
242 4228 271 4284 in
283 4227 404 4298 liegesto
414 4229 482 4282 anni
492 4225 595 4295 quinti,
608 4241 684 4296 que,
695 4233 754 4280 turn
766 4227 839 4294 apud
851 4225 1006 4294 baluzium,
1096 4227 1153 4298 (ll)
1168 4227 1230 4284 Non
1244 4228 1348 4284 desunt
1358 4237 1486 4286 auctores
1497 4231 1546 4300 qni
1562 4231 1701 4301 hospitale
1717 4232 1746 4287 S.
1764 4223 1882 4299 spiritns

187 4308 247 4356 turn
264 4299 292 4354 in
309 4298 472 4367 apographo
487 4297 568 4353 Conti
588 4296 680 4367 (cnjus
696 4297 940 4352 varissiecticncs
957 4313 1008 4354 nos
1062 4301 1134 4368 opud
1149 4303 1177 4354 S.
1198 4299 1315 4356 hieriam
1341 4301 1369 4356 in
1394 4301 1486 4370 Saxis,
1510 4302 1614 4370 piaculi
1639 4320 1725 4359 causa
1747 4299 1783 4356 ab
1801 4299 1882 4353 lnrrc·

184 4378 233 4428 aut
249 4370 278 4426 in
300 4370 424 4425 editione
448 4377 543 4424 nostra
567 4369 655 4424 secuti
680 4382 788 4434 sunaus,
811 4376 859 4423 aut
883 4367 914 4423 in
929 4370 1006 4424 notis
1061 4370 1339 4427 centicaedificatnm
1365 4372 1451 4428 luisse
1475 4371 1629 4429 aifirnaent.
1646 4377 1678 4430 ln
1701 4369 1882 4444 opereilico·

185 4440 357 4512 exibuimus)
381 4441 454 4496 banc
483 4439 713 4506 chronologicam
747 4449 840 4494 arctam
862 4439 1003 4496 exhibeat.
1061 4439 1137 4495 baldi
1154 4441 1350 4506 Ferrariensis,
1367 4443 1413 4498 cui
1429 4445 1528 4498 titulus
1543 4445 1669 4501 Historia
1684 4447 1882 4516 imperatorum

184 4513 206 4568 Ε
230 4520 340 4578 contra,
370 4513 399 4567 in
428 4509 595 4582 llpogropho
624 4510 706 4567 Conti
735 4512 797 4566 duc
823 4511 1005 4581 reperiuntur
1063 4511 1138 4580 (vide
1162 4513 1235 4581 apud
1265 4516 1461 4578 dictatorium.
1490 4519 1553 4572 lter.
1581 4517 1641 4573 lint.
1666 4517 1782 4588 script,
1815 4520 1880 4564 tom.

184 4582 320 4652 epistole,
337 4599 399 4654 qum
414 4583 487 4638 datae
501 4583 635 4639 dicuntur
654 4581 738 4638 etiam
753 4599 770 4638 x
787 4582 847 4638 dat.
864 4581 939 4649 lloii,
955 4585 1003 4638 sed
1063 4585 1112 4648 lx,
1128 4584 1183 4639 col.
1200 4584 1273 4652 126),
1289 4585 1332 4640 eie
1347 4584 1448 4656 legitur
1465 4602 1472 4639 :
1490 4608 1504 4635 a
1526 4587 1578 4642 llic
1591 4583 1799 4658 (innocentius)
1814 4577 1880 4636 aedl·

182 4654 324 4724 bautoni,
353 4671 411 4710 non
440 4655 587 4724 scopans,
618 4669 721 4724 nempe
750 4653 869 4719 epistola
896 4653 942 4720 21,
973 4653 1002 4709 G.
1059 4653 1138 4710 laceri
1154 4655 1232 4720 lecit,
1249 4660 1280 4709 ut
1294 4656 1382 4721 aiunt,
1404 4659 1504 4713 turrim
1522 4657 1679 4716 mirabilem
1698 4660 1803 4720 name,
1819 4665 1878 4720 111111

182 4727 269 4796 {ratri
291 4723 402 4782 militiae
427 4725 538 4794 Templi,
559 4734 625 4792 etc,
650 4741 703 4796 pon
728 4725 877 4780 irritentur
898 4726 971 4795 [ncta
987 4743 1020 4780 c·
1057 4741 1135 4781 nuno
1166 4725 1270 4780 dicitur
1295 4727 1388 4782 Terris
1411 4726 1519 4784 comitis
1543 4730 1657 4787 ioannis
1680 4727 1773 4794 Pauli,
1799 4736 1876 4800 snmj

187 4797 224 4853 W.
241 4797 273 4852 de
287 4797 392 4859 Plccr:
407 4805 433 4852 el
448 4797 566 4866 epistula
588 4797 634 4862 23,
659 4798 789 4868 Episcopo
808 4797 1002 4864 Wiporniertsi,
1058 4795 1151 4865 ptibus
1167 4795 1312 4867 Ecclesiae,
1338 4799 1374 4855 cb
1399 4800 1482 4869 enjus
1505 4802 1729 4860 satislaclionem
1754 4800 1877 4870 construi

182 4867 364 4939 desoccttatc
387 4867 555 4939 appellandi.
583 4871 664 4938 Ergo.
692 4883 755 4924 curn
782 4868 1003 4924 innotisunius
1058 4867 1126 4923 lecit
1155 4867 1296 4938 hospitale
1322 4869 1352 4924 S.
1381 4870 1505 4941 Spiritus
1529 4876 1634 4930 Rome.
1663 4896 1678 4924 a
1707 4871 1874 4933 badenaco

182 4939 223 4996 rel
239 4941 356 4996 alterius
370 4957 403 4996 ex
417 4941 478 4994 istis
494 4939 622 5008 epistolis
645 4954 850 4994 amanuensem
866 4941 1002 4995 erravisse
1056 4938 1157 4994 iisdem
1183 4939 1241 4995 lere
1262 4939 1363 5008 verbis,
1386 4945 1485 5012 repetit
1509 4943 1585 5000 idem
1611 4953 1719 5008 auctor,
1745 4943 1773 4996 in
1789 4935 1875 4990 altera

180 5015 284 5082 pateat,
302 5011 392 5080 ipsum
408 5011 437 5066 in
461 5013 587 5066 notando
612 5009 674 5066 loco
698 5011 834 5066 erravisse
848 5011 937 5066 credit
954 5027 1000 5080 po·
1055 5008 1162 5076 libello,
1180 5010 1217 5066 De
1230 5011 1461 5068 historeoliomorr
1475 5016 1729 5089 pontificurrr(apud
1746 5008 1873 5083 9111111111

180 5089 251 5144 test,·
267 5091 345 5139 tanto
362 5081 463 5154 magis,
479 5082 562 5151 quod,
581 5081 663 5138 nohis
678 5082 746 5151 ipsis
761 5081 1001 5150 contessanlibns,
1056 5080 1136 5148 idid,
1152 5083 1207 5136 col.
1225 5081 1297 5148 179).
1313 5114 1348 5125 -
1364 5091 1394 5140 tn
1409 5087 1545 5142 chronico
1560 5090 1590 5140 lt.
1612 5085 1753 5144 Francisei
1770 5078 1872 5149 Piplei,

177 5153 207 5209 1ο
223 5154 394 5224 dpcgrapbo
409 5155 489 5210 cerati
504 5154 568 5208 duee
582 5154 709 5222 epistole
724 5153 795 5208 date
812 5152 953 5218 laterani,
968 5171 986 5208 x
1056 5152 1105 5210 lib.
1122 5169 1154 5220 ιι,
1170 5167 1231 5223 cap.
1248 5155 1286 5226 dl
1293 5155 1365 5225 apud
1382 5160 1524 5224 eumdem,
1542 5157 1629 5226 inid,
1643 5159 1698 5216 ccl.
1719 5153 1793 5221 6321,
1814 5147 1873 5224 hii,c

177 5225 239 5280 lici.
255 5223 333 5293 idcii,
350 5241 407 5282 una
432 5232 540 5280 tautum
565 5223 696 5294 Ancpaaaa
710 5242 728 5279 x
742 5224 801 5279 llal.
818 5223 901 5292 dicii,
919 5240 1000 5296 repe·
1056 5224 1141 5280 etiam
1154 5223 1311 5281 habentur:
1328 5247 1342 5276 a
1358 5226 1502 5297 Hospitale
1526 5229 1557 5284 S.
1576 5230 1697 5298 Spiritus
1719 5219 1873 5284 construxit

178 5295 302 5352 riantur.
1054 5294 1085 5350 in
1102 5299 1203 5352 Roma.
1222 5321 1233 5348 ι
1252 5297 1294 5352 ad
1312 5313 1375 5368 qun
1390 5298 1561 5357 blnratcrlus
1575 5301 1649 5358 inira
1668 5299 1798 5372 paginam
1814 5288 1873 5342 hoess

211 5367 281 5422 lluic
300 5364 460 5423 dillicnltati
490 5363 659 5420 sloobviam
681 5364 714 5422 iri
737 5381 821 5436 posse
842 5365 997 5422 credimus.
1054 5367 1255 5423 adnotavit:·
1281 5369 1312 5424 ln
1337 5371 1464 5440 margine
1493 5373 1626 5442 (codicis)
1650 5374 1766 5440 antiqua
1788 5367 1873 5436 marti

174 5434 202 5488 1ο
218 5438 427 5494 Amanuensem
443 5437 471 5492 in
495 5436 630 5492 notandis
653 5437 782 5493 numeris
803 5437 950 5502 erravisse,
966 5453 1000 5494 ac
1053 5437 1221 5494 adnotatum
1238 5458 1245 5507 ς
1265 5441 1365 5496 Fertur
1388 5442 1461 5498 hunc
1489 5445 1682 5500 Innocentium
1714 5440 1770 5497 sair
1798 5427 1876 5504 eslii·

174 5523 190 5562 x
207 5523 299 5577 prov,
316 5518 364 5563 aut
383 5507 578 5579 alioquolibet
594 5523 720 5576 numero,
734 5509 889 5575 possuisse,
903 5508 998 5564 iacile·
1053 5509 1142 5565 dcun
1167 5511 1324 5578 pecuniam,
1340 5528 1395 5584 quc
1412 5519 1569 5571 constructe
1583 5521 1625 5573 cst
1639 5515 1730 5572 larris
1754 5503 1878 5580 sublimet

174 5575 242 5634 lime
257 5579 336 5634 credi
351 5583 452 5649 potest.
477 5579 628 5648 Eumdem,
647 5579 675 5634 in
693 5580 817 5635 notando
833 5578 906 5648 loco,
922 5583 998 5635 Anc-
1053 5581 1141 5638 dome
1155 5619 1162 5645 .
1178 5596 1242 5652 qttae
1255 5583 1610 5644 diciturcomitisloannis
1623 5587 1728 5648 Paulis
1742 5591 1790 5646 1110
1801 5581 1877 5638 0111115

173 5651 246 5720 pariae
261 5665 312 5720 pro
324 5651 463 5706 Laterani
477 5650 619 5721 posuisse.
632 5667 691 5706 non
706 5665 785 5721 eque
800 5650 921 5706 faciliter
936 5665 997 5708 cre·
1051 5653 1093 5709 rei
1123 5651 1233 5720 piaculo
1262 5657 1420 5712 construxit
1458 5655 1603 5728 Hospitale
1625 5658 1684 5728 jam
1720 5651 1835 5708 dictum.
1865 5656 1877 5684 1

172 5723 297 5780 deretur.
322 5721 352 5776 2⁰
376 5721 500 5793 Epistola
526 5721 577 5778 illa
604 5721 650 5792 21,
680 5737 743 5794 que
771 5723 801 5778 ln
823 5722 993 5795 apographo
1049 5723 1181 5782 concinit
1196 5721 1366 5784 Ptolomeus
1381 5727 1527 5786 Lucensis.
1545 5729 1615 5786 ilict.
1638 5731 1743 5788 eccla·
1759 5719 1807 5776 lib·
1821 5723 1877 5774 ¹¹¹2
