3952 6042
91 209 206 250 cunt
779 191 899 250 GESTA.
916 219 951 236 -·
964 189 1023 248 AN.
1041 191 1119 249 1200.
1709 207 1820 254 cumn

91 339 180 395 papae
215 319 366 393 querelem
386 320 421 376 de
445 317 653 378 Bartbolcmec
670 321 726 392 (42)
750 329 777 378 44
800 319 932 388 Jonatba,
947 323 977 390 Α
993 326 1119 378 testatem
1141 319 1339 392 prefecerant,
1356 325 1462 387 et,tam
1476 318 1635 388 peripsum
1657 331 1743 389 quant
1769 336 1819 390 per

94 411 235 468 dominis
248 409 365 466 varniae
379 415 406 466 et
419 409 645 481 cataractarum
663 416 770 482 partem
787 416 868 466 44444
878 425 940 480 sps·
992 408 1063 465 alios
1078 409 1185 466 amicos
1200 425 1266 466 suos
1282 424 1386 479 magno
1402 407 1527 464 exercitu
1542 414 1722 478 congregato,
1738 408 1818 464 mul-

91 509 230 557 ctantem
258 501 294 556 ed
312 499 389 569 ipsas
404 515 454 570 per
476 497 641 556 violentiam
657 501 871 571 delinimenta
887 515 938 572 44-
992 497 1026 554 444
1038 498 1227 555 nibilomlnus
1242 497 1383 555 militibus
1394 496 1544 553 atttrcariis
1559 497 1690 552 mercede
1704 497 1817 554 caudu-

91 597 193 646 terenl
214 587 275 645 sibi
296 587 438 658 iustitiam
465 587 606 658 exbiberi,
622 589 680 660 qui,
697 605 772 660 44444
786 588 876 658 citati,
888 588 938 658 ju·
990 587 1053 658 ciis,
1066 604 1096 644 44
1110 595 1209 644 444444
1234 589 1378 644 Romanos
1393 585 1511 642 viriliter
1536 590 1733 656 praepararunt
1748 585 1818 658 (44).

93 679 211 736 stitiam
228 677 284 732 sub
294 678 357 750 ejus
366 678 499 734 examina
511 677 603 734 144444
615 679 780 747 441444444,
792 677 859 734 44441
873 677 938 733 41444
991 675 1109 734 Romani
1125 693 1280 750 argaeum
1297 685 1393 734 444444
1403 676 1498 749 44444,
1509 675 1605 732 444444
1616 675 1731 732 illorum
1743 675 1817 732 mul·

91 786 140 840 per
154 767 392 840 peremptorium
405 767 541 834 edictum,
556 782 606 837 per
620 768 826 824 marescalcum
842 782 936 831 suum,
990 765 1082 838 tiplioi
1108 775 1255 838 apparatu,
1270 766 1335 838 quid
1361 771 1477 838 agerent
1501 764 1631 821 dubitare
1656 772 1818 836 caeperunt,

92 859 123 914 in
141 856 366 928 possessionem
384 871 478 912 rerum
495 857 646 927 petitarum
662 857 770 914 induci.
789 857 880 924 Quam
894 848 937 910 itii
990 855 1057 927 quia
1076 856 1117 913 eis
1135 856 1356 926 ignominiosum
1375 855 1477 922 redire,
1492 862 1519 910 et
1536 853 1728 923 periculosum
1745 870 1816 926 pro·

95 953 214 1002 temere
226 944 441 1016 perturbantes,
458 953 642 1003 accesserunt
657 947 691 1001 44
708 944 936 1018 praelatosloan·
989 945 1089 1000 cedere
1112 945 1272 1001 videbatur.
1292 945 1349 1000 Sed
1377 944 1430 1000 444
1451 943 1604 1000 consilium
1627 942 1766 1013 inierunt,
1784 948 1817 1000 ut

91 1051 165 1091 nem
184 1033 296 1091 Leonis
312 1034 366 1106 (43)
383 1033 519 1104 444444444,
536 1041 563 1090 44
577 1036 716 1092 loannem
732 1035 894 1105 Capotium,
909 1040 935 1088 44
988 1031 1598 1105 44444444444444444444404444444444444
1626 1039 1724 1089 mutuo
1748 1047 1814 1102 pus-

90 1125 135 1180 eis
159 1124 303 1180 simulata
331 1127 479 1181 contractu
494 1128 600 1181 terram
615 1139 696 1180 scam
711 1125 793 1180 titulo
808 1121 934 1195 pignoris
987 1123 1099 1196 tularet‚
1116 1139 1150 1180 ex
1173 1141 1227 1196 qua
1251 1125 1424 1181 conduceret
1446 1123 1551 1180 milites
1574 1129 1602 1178 44
1624 1123 1749 1180 44444444
1763 1139 1814 1193 cp-

88 1211 282 1284 obligsrunl,
298 1227 361 1268 eam
378 1227 407 1270 se
420 1211 455 1268 ab
473 1213 543 1284 ipsis
570 1220 669 1270 tenere
693 1211 872 1269 simulantes.
889 1209 935 1267 llll
987 1220 1134 1283 portunus.
1150 1211 1203 1278 Qui
1225 1227 1291 1270 cum
1316 1211 1436 1277 nullam,
1453 1209 1496 1267 vel
1522 1209 1676 1280 modicam,
1691 1209 1727 1265 ab
1748 1210 1814 1266 aliis

87 1317 159 1357 vero
176 1301 259 1372 apud
275 1300 424 1357 dominum
441 1317 542 1372 papam
561 1302 671 1358 instare
681 1299 936 1374 coepernnt,uteis
988 1301 1126 1372 patuisset
1149 1302 1261 1368 babere,
1280 1300 1448 1370 4444444444,
1463 1299 1572 1356 domini
1596 1314 1676 1371 papae
1700 1314 1813 1371 germa-

89 1399 207 1446 terram
227 1389 309 1446 illam
335 1389 366 1446 44
392 1404 461 1460 pace
484 1389 648 1448 dimitteret.
666 1393 791 1459 Quorum
807 1389 934 1446 lraudem
988 1405 1052 1458 nus,
1069 1389 1149 1446 mille
1164 1390 1251 1447 libras
1267 1391 1323 1462 (45)
1343 1391 1384 1446 444
1405 1389 1435 1445 44
1460 1396 1538 1446 44444
1554 1387 1730 1444 necessitatis
1744 1388 1813 1444 arti·

90 1480 239 1536 dominus
263 1495 336 1552 papa
357 1494 546 1551 cognoscens,
571 1481 703 1552 praelatos
726 1479 836 1537 nobiles
857 1495 935 1536 coar·
987 1479 1051 1535 culo
1072 1479 1223 1548 mutuatim
1243 1496 1276 1536 ex
1298 1495 1353 1551 qna
1369 1477 1520 1536 conductis
1535 1476 1676 1532 militibus
1691 1482 1718 1532 ct
1732 1492 1812 1532 arca·

91 1569 165 1624 stari
185 1567 383 1624 nibilominus
397 1568 518 1625 iaciebat
534 1585 582 1640 per
594 1569 785 1627 vastationem
795 1576 932 1639 segetum,
986 1568 1046 1636 riis,
1064 1575 1273 1641 processeram,
1291 1574 1321 1624 ut
1336 1567 1478 1624 inferrent
1493 1565 1625 1623 victualia
1641 1563 1810 1622 viterclano.

91 1657 275 1714 incisionem
294 1658 442 1728 arborum,
458 1658 628 1716 fractionem
645 1659 888 1725 molendinorum,
904 1663 930 1712 et
986 1657 1041 1714 Sed
1067 1658 1271 1726 Vlterbieuses,
1292 1659 1334 1715 eis
1358 1657 1470 1714 4444444
1493 1655 1648 1724 444444444,
1664 1660 1811 1726 caeperunt

90 1746 306 1803 abductionem
335 1748 505 1818 4444444444.
529 1749 698 1820 Quanquam
723 1747 831 1819 prelati
854 1745 930 1803 ecbi-
986 1747 1124 1805 dimicate
1142 1763 1207 1806 cum
1232 1747 1301 1819 ipsis
1325 1748 1387 1818 ipso
1412 1745 1458 1802 die
1482 1743 1728 1816 Epiphaniaalld),
1743 1757 1810 1800 cunt

91 1837 213 1894 smatiei
223 1835 387 1893 clamarent
395 1839 496 1893 444144
504 1838 655 1895 dominum
669 1837 804 1909 papamin
816 1833 933 1908 populo,
985 1837 1121 1894 dominus
1135 1854 1216 1909 papa,
1230 1837 1381 1893 missarum
1400 1834 1538 1893 solemnia
1553 1833 1702 1891 celebrans
1713 1833 1743 1890 in
1759 1848 1810 1889 ec·

93 1927 173 1997 quod
201 1925 265 1996 ipse
290 1923 448 1993 libertates,
466 1932 492 1981 41
513 1927 749 1996 4444444444444,
764 1925 934 1982 4444144444
985 1926 1072 1984 444444
1097 1927 1194 1984 Sancti
1219 1926 1305 1992 Petri,
1320 1925 1518 1982 exhortaretur
1540 1922 1679 1995 populum
1702 1925 1734 1979 nl
1757 1935 1808 1993 pro

94 2016 300 2072 Rornanorum
317 2013 488 2084 iniringerol
501 2023 528 2070 44
540 2016 676 2084 44144444,
693 2023 851 2087 satagentes
865 2029 933 2071 con·
986 2015 1120 2073 iratribus
1141 2017 1171 2073 in
1194 2015 1318 2074 exercitu
1343 2011 1587 2072 commorantibus
1602 2010 1804 2083 supplicarent,

92 2111 137 2158 444
153 2117 224 2158 eum
241 2101 410 2159 scandalum
425 2104 524 2174 populi
539 2105 677 2164 suscitare
689 2122 696 2174 ;
709 2105 783 2178 quud
797 2105 859 2175 4444
873 2111 933 2158 tan·
985 2113 1016 2160 ut
1039 2107 1110 2162 0444
1123 2122 1171 2163 444
1184 2120 1250 2163 cum
1267 2103 1453 2176 prosperitate
1468 2101 1613 2158 reluceret
1627 2104 1657 2157 44
1672 2100 1780 2158 444444
1797 2113 1806 2158 t

95 2193 176 2261 4444,
194 2197 367 2262 congregato
390 2193 506 2263 populo,
522 2193 650 2265 44444444
664 2195 791 2264 44444414,
807 2189 931 2250 44444444
986 2195 1104 2266 ipsaque
1135 2195 1182 2252 444
1209 2193 1413 2258 viterbienses,
1438 2198 1514 2262 terga
1540 2197 1691 2260 vertentes,
1717 2188 1807 2262 iugali

93 2291 131 2350 44,
156 2282 325 2340 44444444
355 2281 533 2339 minantibus
557 2292 584 2340 et
615 2285 815 2353 renitentibus,
841 2251 934 2354 coegi2
986 2284 1244 2355 suataltomsnis,
1260 2283 1359 2340 multis
1375 2281 1496 2338 inbelle
1522 2278 1807 2348 vulneratis‚0ocisis

93 2369 213 2429 nobiles
229 2372 401 2442 antedictos,
423 2380 461 2439 44,
480 2372 610 2446 pignoris
632 2383 782 2432 contractu
799 2374 931 2439 rescisso,
985 2379 1014 2432 si
1027 2375 1125 2445 captis.
1141 2375 1255 2446 sicque,
1272 2371 1411 2429 Romanis
1435 2387 1501 2426 cum
1525 2370 1617 2442 gloria
1639 2369 1807 2426 revertenti·

97 2461 931 2535 mandatisipsiusseperumuispariinrch'uramenloel
985 2463 1047 2532 bus,
1077 2471 1192 2522 senator
1219 2478 1285 2520 cum
1313 2461 1445 2533 44444444
1472 2463 1585 2518 444444
1616 2457 1808 2516 Petri-Leonis
1835 2465 1839 2474 '

96 2548 523 2621 fidejussoribuspromiserint.
537 2552 571 2607 Et
585 2553 626 2610 sic
641 2553 755 2609 demum
771 2553 846 2609 inter
861 2552 931 2609 istus
985 2553 1123 2622 Rainerii,
1138 2561 1164 2610 et
1188 2553 1286 2608 mullis
1308 2551 1385 2620 aliis,
1405 2551 1440 2606 ad
1468 2565 1613 2606 summurn
1641 2548 1806 2620 pontificem

95 2639 929 2715 etilloscuntroversialinempt·rlransactionemaccepit.
983 2644 1152 2701 4444444444
1181 2644 1396 2714 prostraverunt
1421 2657 1452 2696 se
1476 2642 1511 2696 ad
1536 2639 1621 2710 44444
1650 2636 1752 2710 ipsius,
1768 2646 1807 2706 44,

131 2729 329 2786 Viterbienses
353 2744 430 2796 4444,
444 2729 650 2803 impugnantes
681 2731 887 2800 viterclanum,
903 2733 930 2788 el
983 2748 1031 2791 ecs
1056 2731 1202 2790 humiliter
1216 2731 1387 2802 osculantes,
1404 2729 1573 2786 innumeras
1588 2727 1614 2785 ei
1633 2728 1738 2800 gratias
1762 2742 1808 2782 rc-

96 2818 172 2875 illnd
186 2819 311 2874 nimium
325 2825 514 2889 coarctantes,
531 2818 763 2879 viterclanenses
786 2822 928 2878 44444444-
983 2819 1119 2881 44444444.

97 2925 163 2965 rum
193 2908 336 2964 auxilium
367 2907 568 2978 implorarunt,
586 2919 756 2980 asserentes,
773 2912 856 2981 quod,
873 2911 929 2967 nisi
1018 2912 1137 2968 Senator
1152 2917 1247 2969 autem
1277 2911 1425 2968 universos
1439 2907 1567 2982 captivos
1582 2907 1660 2965 misit
1672 2907 1701 2964 in
1717 2910 1808 2964 cana·

98 2997 270 3070 quantocius
295 2997 353 3054 illis
378 3005 585 3070 succurrerent,
604 3007 680 3057 tauta
695 3000 862 3058 laborabant
878 3015 927 3072 pc·
983 3002 1091 3074 pariam
1104 3001 1160 3074 (47)
1176 3000 1276 3056 multis
1293 2999 1415 3058 miseriis
1426 2999 1613 3056 macerandos
1626 3023 1633 3068 ;
1648 2995 1723 3053 44444
1738 3011 1809 3068 qnos

97 3089 182 3144 nuria
208 3084 386 3154 victualium,
399 3087 473 3156 quud
488 3103 545 3145 nan
563 3093 691 3159 potarent
707 3089 869 3146 4114444444
885 3097 924 3146 44·
940 3077 965 3145 G
980 3090 1037 3148 duo
1066 3096 1145 3148 44444
1175 3089 1306 3161 majores,
1322 3089 1452 3147 videlicet
1466 3087 1635 3160 Neapolion,
1650 3087 1808 3144 vicecomes

97 3193 174 3234 uere.
192 3180 315 3234 8444444
330 3175 428 3248 igitur,
448 3175 549 3233 Urbem
564 3192 704 3250 egressus,
716 3179 744 3235 in
761 3196 839 3250 prato
854 3180 924 3236 San·
979 3179 1136 3252 campittae,
1163 3186 1190 3237 ct
1215 3180 1398 3254 Burgundio,
1429 3179 1643 3252 protonotarius
1669 3174 1808 3244 viterbii;

97 3268 134 3322 eti
149 3265 226 3322 Petri
241 3265 302 3320 lixit
318 3265 483 3336 tentorium,
499 3268 639 3324 mandans
668 3268 804 3326 Romanis
820 3275 926 3341 444444
980 3270 1084 3344 quibus
1098 3269 1233 3326 dominus
1249 3285 1325 3340 papa
1341 3270 1530 3340 compatiens,
1548 3267 1614 3324 lecit
1634 3266 1702 3323 illos
1725 3267 1809 3345 educi

98 3357 191 3426 ipsum
208 3355 332 3423 exirent,
349 3361 376 3412 44
390 3355 503 3414 vicinos
517 3357 625 3414 amicos
649 3358 733 3414 Urbis
755 3359 786 3415 in
810 3359 926 3432 444444·
979 3359 1014 3416 44
1033 3358 1200 3431 Canaparia,
1216 3365 1243 3416 et
1261 3359 1290 3414 in
1312 3357 1417 3430 palatio
1432 3374 1485 3415 suo
1497 3356 1661 3428 aliquandiu
1675 3354 1808 3434 detineri,

101 3447 176 3502 uana
190 3461 355 3503 convocans
377 3445 534 3522 universos.
551 3446 673 3505 Romani
697 3464 761 3506 4444
788 3451 884 3521 44444,
900 3455 927 3506 44
978 3465 1012 3505 44
1027 3451 1142 3506 demum
1157 3448 1231 3518 apud
1247 3447 1404 3505 Larianum
1417 3443 1739 3513 honorilicccuslcdiri;
1756 3459 1808 3500 44-

99 3550 164 3590 cum
190 3533 278 3590 444444
303 3540 450 3600 excuntes,
463 3535 510 3590 vir
528 3537 642 3594 tandcrn
658 3545 772 3594 senator
787 3538 927 3610 usquead
979 3544 1160 3609 terarumque
1171 3537 1314 3604 misertus,
1331 3537 1405 3594 inter
1421 3536 1601 3594 Romanoset
1612 3533 1807 3590 viterbienses

101 3623 246 3680 civitatens
273 3620 464 3678 Casuellanum
493 3626 640 3694 processit.
655 3625 850 3685 viterbienses
873 3643 927 3682 au·
980 3628 1064 3698 coepit
1080 3628 1116 3684 de
1131 3641 1202 3698 pace
1218 3633 1340 3683 tractare
1354 3626 1422 3699 (48).

102 3717 168 3782 lem,
184 3709 322 3780 adjuncto
345 3708 449 3766 comite
474 3709 687 3784 lldebrandiuo,
703 3730 788 3786 quem
805 3715 859 3773 sibl
874 3716 927 3774 Pa·
1015 3715 1116 3774 0144114.
1133 3715 1253 3773 Praelata
1267 3731 1333 3773 vero
1353 3714 1529 3788 Neapolioue
1556 3729 1603 3787 per
1627 3713 1722 3784 lugam
1746 3710 1806 3768 ela-

103 3851 131 3908 ll.
146 3851 206 3922 (4144
217 3851 294 3922 eiua·
318 3854 346 3908 el
368 3851 399 3907 iu
422 3867 454 3908 ea
481 3853 621 3938 profertur
645 3861 782 3916 sententia
796 3860 826 3915 in
841 3876 927 3917 causa
1017 3863 1072 3936 (45)
1096 3863 1176 3919 Mille
1202 3862 1301 3919 libras.
1317 3861 1382 3918 Haec
1405 3863 1511 3919 desunt
1536 3861 1611 3934 apud
1640 3857 1804 3927 Baluzium;

101 3923 234 4004 quadam,
252 3937 315 3995 puae
326 3923 483 3980 4441444444
497 3931 570 3983 valer
585 3931 667 4001 44444,
678 3947 711 3988 44
723 3931 831 3990 nobiles
841 3931 924 4000 air-or,
979 3933 1169 4007 suppeditant
1185 3936 1272 3990 codex
1287 3933 1505 3991 vallicellanus.

100 3996 264 4122 Philippum
278 4004 306 4051 et
319 3994 522 4080 ἲ(4444444444
535 4001 638 4068 4444444,
654 4019 739 4076 saper
757 4004 927 4078 quibusdam
1017 4007 1072 4078 (40)
1088 4004 1290 4063 verisimiliter
1318 4007 1388 4062 4444
1417 4006 1497 4063 4202.
1511 4003 1580 4064 41444
1609 4002 1685 4060 inlra
1706 4009 1733 4058 et
1752 4016 1808 4058 nc-

101 4071 173 4140 pcrtr
194 4072 327 4124 44444144
341 4067 412 4138 4444
427 4067 530 4124 dectior
557 4077 644 4130 Prata
661 4075 724 4132 044.
742 4077 882 4144 laterani,
897 4092 927 4132 tv
980 4086 1038 4136 tam
1055 4079 1099 4134 48.

102 4139 158 4196 Kal.
173 4143 190 4194 J
195 4138 268 4208 unii,
283 4139 466 4224 pontilicatus
480 4156 527 4198 44.
549 4161 582 4203 sv
597 4145 693 4218 (idest
709 4163 757 4204 44.
775 4147 866 4220 1212).
882 4148 926 4204 444
1015 4151 1071 4222 (47)
1088 4149 1283 4222 Caaapariam.
1299 4147 1345 4205 Sic
1372 4147 1402 4205 iu
1432 4149 1530 4206 codice
1554 4144 1748 4212 villicellano,
1765 4142 1808 4200 sio

103 4212 199 4268 buado
223 4220 359 4294 ,44444444
390 4211 498 4270 4444444
523 4229 575 4286 444
602 4217 847 4278 abbreviationem
875 4236 926 4291 pro
980 4229 1006 4280 et
1019 4221 1093 4294 apud
1110 4222 1264 4290 baluzium,
1277 4221 1318 4276 sic
1333 4221 1416 4276 etiam
1434 4222 1462 4276 in
1479 4219 1598 4292 epistola
1615 4233 1679 4273 max
1692 4215 1808 4296 uitanda

103 4283 239 4339 1411141001·
455 4356 461 4368 ,
496 4355 502 4369 ,
980 4293 1313 4367 (444444444444444
1343 4292 1538 4349 verisimiliter
1552 4307 1586 4348 ac
1605 4289 1805 4353 Caeretanum,

137 4355 193 4426 (44)
210 4353 420 4437 bartholomeo.
433 4357 480 4438 844
494 4371 525 4412 tn
539 4359 638 4417 codice
653 4361 861 4432 vallicellano;
884 4363 926 4420 sic
980 4366 1154 4423 4444444444
1179 4365 1348 4432 caecatae,
1380 4381 1446 4436 ager
1474 4363 1524 4418 ubi
1549 4361 1667 4418 canabis
1693 4357 1804 4426 crescit,

104 4431 132 4482 44
144 4425 218 4496 4444
236 4425 394 4494 baluzium,
404 4427 497 4498 qutad
510 4431 667 4502 marginem
684 4440 765 4492 notat
779 4435 810 4491 in
825 4435 923 4493 codice
938 4457 965 4523 D
981 4441 1067 4565 prout
1082 4438 1112 4494 in
1127 4437 1225 4496 charta
1239 4452 1285 4491 an.
1304 4435 1373 4490 1020
1387 4436 1461 4506 4444
1478 4435 1646 4504 Perardum,
1663 4447 1724 4501 444.
1741 4430 1805 4498 177,

105 4499 229 4555 P⁰dl²¹1⁰
245 4498 310 4580 16814
325 4497 486 4582 Ptolemae.
992 4509 1037 4580 cgi
1061 4515 1177 4566 testatur
1191 4507 1314 4577 (langius
1330 4507 1426 4576 (01444.
1446 4515 1513 4564 tom.
1531 4507 1566 4576 ll,
1583 4507 1638 4563 441.
1655 4501 1806 4574 129).Gae·

139 4570 196 4640 (43)
213 4571 322 4651 Leonte
346 4571 392 4626 Sto
420 4585 451 4626 tn
478 4573 576 4631 cadica
604 4575 808 4648 vallicellano,
835 4577 926 4636 44444
981 4589 1084 4652 tarum,
1108 4579 1274 4652 Canapariae
1303 4579 1389 4635 silum
1418 4579 1611 4636 Romanorum
1641 4575 1727 4632 medii
1751 4575 1805 4630 evi

105 4642 176 4726 apud
202 4641 369 4709 baluzium3
395 4639 545 4723 legendum
562 4662 626 4705 4444
640 4649 753 4708 4444144
769 4650 925 4707 Petri-Leo·
979 4653 1181 4724 antiquitatum
1207 4650 1343 4707 studiosis
1371 4649 1553 4722 investigare,
1576 4657 1603 4706 44
1627 4649 1722 4705 lorsan
1753 4661 1803 4716 pro

105 4730 156 4769 'm-
177 4714 492 4796 4101115041191111113
506 4719 621 4788 14355140·
980 4738 1058 4782 44444
1088 4729 1222 4793 44414444,
1237 4721 1344 4790 4444444,
1366 4737 1400 4778 ex
1425 4723 1503 4779 bulla
1531 4723 1652 4794 quadam
1675 4717 1806 4774 Auaclell

139 4786 658 4870 (144444444444444444444441202
680 4801 760 4864 gesta
784 4792 870 4850 luisse
891 4809 926 4850 ex
981 4796 1033 4852 PP.
1058 4797 1094 4862 ll,
1120 4811 1205 4867 quarn
1232 4793 1396 4850 doctissima
1425 4795 1626 4851 dissertatione
1655 4789 1806 4845 illustravit
1853 4857 1858 4862 ¹

106 4871 166 4913 mox
182 4859 313 4916 dicendts
326 4855 469 4914 ullirmare
483 4857 559 4918 14444.
571 4865 726 4921 concinere
738 4865 847 4922 videtur
862 4867 926 4921 biu-
980 4869 1150 4925 Franciscus
1166 4865 1303 4922 valesius.
1321 4866 1389 4921 vide
1404 4867 1530 4922 1444444114
1544 4860 1699 4936 d'tlpuscoli
1713 4861 1803 4917 sciea-

107 4933 235 4998 44444444,
251 4931 325 5002 4444
356 4943 440 5001 quem
465 4931 507 4988 sic
529 4931 759 5004 4444444444441.
778 4937 923 5005 44444141,
980 4940 1026 4997 114.
1053 4948 1078 4996 et
1098 4937 1203 5012 (414144.
1225 4938 1271 4994 del
1292 4941 1326 4993 P.
1355 4936 1496 5008 Caiopcro,
1513 4945 1581 4995 lom.
1597 4935 1653 5004 llll,
1669 4949 1734 5006 pag.
1752 4930 1804 4986 102

107 5009 174 5072 4444.
187 5021 207 5072 4,
219 5019 282 5074 pag.
300 4999 362 5084 141,
377 5004 410 5083 44
429 5015 538 5060 annum
556 5008 642 5064 1200:
657 5031 672 5060 a
689 5009 849 5066 Cercavano
873 5025 927 5066 eu·
979 5017 1006 5070 el
1020 5028 1092 5085 4444.

107 5075 316 5132 cbeiltomanr
332 5071 495 5131 4444444444
517 5076 536 5132 il
560 5078 622 5136 loro
647 5081 796 5148 distrettar
822 5096 925 5152 44444
1013 5081 1265 5156 (44)(1444444444
1293 5085 1334 5136 444
1359 5081 1479 5139 omuino
1509 5079 1630 5147 44444414
1656 5075 1706 5131 438
1736 5073 1803 5131 libri

108 5162 158 5202 can
182 5153 254 5204 44444
270 5145 371 5202 141444
391 5144 476 5216 44444,
491 5163 507 5202 4
524 5147 659 5210 bandiera
683 5152 810 5223 spiegate
836 5152 925 5208 unda·
979 5159 1082 5226 quinti,
1106 5152 1220 5211 0144444
1235 5153 1379 5224 episcopm
1396 5153 1461 5210 0....
1477 5149 1690 5220 llcdicafcaeaaz'
1704 5145 1803 5227 caelel3

110 5233 173 5276 rona
196 5221 228 5278 in
252 5223 351 5290 questa
374 5231 451 5273 anno
474 5221 575 5279 444444
590 5241 605 5279 4
623 5224 744 5292 viterbo,
760 5240 775 5280 e
791 5223 926 5282 tulmento
981 5228 1056 5293 lano,
1075 5227 1141 5284 Acci
1163 5227 1218 5292 llic,
1234 5231 1258 5282 el
1280 5225 1411 5294 magistro
1436 5231 1467 5282 Ρ.
1483 5222 1614 5296 scriptori
1631 5234 1729 5294 papoet
1754 5217 1802 5273 cta

108 5289 279 5357 strinsero,e
300 5285 515 5372 combatletono
540 5294 635 5366 quella
658 5297 735 5366 citra,
752 5296 805 5352 cbo
827 5295 855 5352 lu
880 5313 924 5352 as·
978 5299 1113 5356 44444444
1136 5243 1169 5356 414
1191 5297 1395 5368 4444441444444
1411 5298 1527 5369 Pepoaa,
1545 5299 1573 5352 in
1586 5309 1688 5374 guerra
1704 5291 1805 5346 itoma-

109 5364 425 5420 trettaasoltcmelterst
437 5361 493 5418 ulla
511 5364 554 5420 lor
569 5368 702 5438 signaris,
717 5385 733 5425 o
749 5367 924 5439 siaaquella
977 5385 1027 5428 aar
1051 5374 1123 5428 iuter
1146 5378 1171 5426 et
1197 5368 1378 5425 Viterbicaaes
1400 5369 1505 5426 carceri
1525 5366 1619 5423 moaci
1638 5361 1804 5434 4444414444

109 5434 149 5492 del
172 5452 253 5508 papa.
270 5455 286 5486 a
309 5437 454 5490 Hactenus
478 5433 923 5510 4144414444444444444144.
978 5443 1102 5500 44414444
1121 5457 1217 5500 eorum
1241 5442 1272 5497 ia
1296 5455 1359 5496 arcs
1381 5439 1517 5503 lariani:
1540 5383 1803 5500 44411444444444

110 5520 165 5579 444.
173 5509 236 5564 233.
249 5509 367 5575 verum,
384 5503 438 5560 boc
460 5515 588 5635 spectare
608 5512 703 5582 potius
718 5513 827 5570 videtur
842 5513 877 5569 ad
892 5528 925 5568 44
978 5513 1010 5572 14
1024 5513 1164 5584 ianuarii,
1179 5529 1226 5570 an.
1242 5527 1259 5570 v
1274 5510 1314 5584 (id
1327 5511 1463 5569 444144ιί4
1490 5512 1561 5572 anui
1587 5510 1692 5572 Gbristi
1719 5505 1800 5565 1203.

111 5593 166 5652 444
181 5579 318 5654 leguntur
333 5589 419 5648 supra
433 5577 447 5646 5
462 5579 474 5634 4
496 5577 523 5638 3.
