3948 6070
179 261 233 316 scr
582 217 587 222 ⁶
673 252 933 334 rnnocanruru
951 251 1006 306 rr.
1027 249 1261 318 nucusrouuu
1281 249 1347 307 ue.
1367 247 1403 316 u.
1502 286 1504 292 .
1818 205 1889 298 'esc

180 385 278 445 Sancti
290 381 438 456 Sylvestri
448 379 604 438 ecclesiam
615 379 714 438 Sancti
730 377 889 442 laurentii,
905 375 1001 442 eccle·
1015 376 1048 451 Α
1097 377 1155 448 ligo
1170 377 1274 440 Petrus
1289 374 1331 430 tit,
1349 372 1377 428 S.
1390 369 1514 429 cecilia
1525 341 1888 444 preshcardsubscripsi.

179 476 254 530 sium
269 472 366 528 Suucli
381 470 497 544 AEgidii‚
511 485 578 536 cum
590 469 729 542 hospitali
745 468 780 524 dc
792 464 1004 532 Misericordia,
1089 467 1146 538 ugo
1162 464 1254 525 Guido
1272 465 1298 518 S.
1323 460 1420 518 blarim
1445 459 1538 516 Trans
1563 459 1692 516 Tiberim
1713 458 1758 514 tit.
1782 457 1888 512 calisti

76 605 82 614 .
180 563 322 634 quodsibi
335 561 467 633 adjacet;
480 559 635 614 ecclesiam
646 557 681 613 de
692 564 793 614 moute
803 557 915 613 Sanctae
924 555 1006 610 Chri·
1059 555 1158 626 presb.
1175 553 1255 610 card.
1272 551 1446 630 subscripsi.

179 653 263 708 stinae
280 651 310 706 in
321 650 461 722 parochia
476 649 511 704 de
524 649 659 716 veirone,
674 646 829 703 ecclesiam
841 645 939 708 Sancti
949 639 1005 718 cy·
1093 645 1151 718 Ego
1173 645 1245 716 llug.
1275 639 1431 712 presbyter
1455 637 1616 696 cardinalis
1640 637 1667 694 S.
1698 635 1814 692 Martini
1840 636 1887 692 tit.

177 741 273 814 priaui
284 741 315 803 iu
326 740 446 812 plebatu
458 739 494 794 de
505 740 634 806 Bronna‚
649 736 805 795 ecclesiam
821 733 918 790 Sancti
934 734 1002 794 Ger·
1059 733 1161 806 equitii
1178 729 1350 800 subscripsi.

177 831 352 900 mani‚.eum
375 828 514 902 hospitali
529 828 586 884 sibi
603 827 769 902 adjacente,
786 826 816 880 in
831 824 951 896 plebatu
967 822 1003 878 de
1094 824 1151 894 Ego
1177 822 1305 879 loannes
1335 819 1379 888 tit
1405 817 1432 884 S.
1458 815 1599 890 Stephani
1624 815 1655 871 iu
1678 815 1765 871 Caelio
1780 819 1886 872 moute

176 920 321 992 Clastegio
347 920 465 984 Creterra
481 935 598 993 quoque
615 934 668 995 per
691 915 894 974 Placentinum
914 929 1003 989 parc·
1058 909 1156 982 presb.
1175 909 1254 978 card.
1272 905 1442 980 subscripsi.

177 1010 276 1072 chiam
287 1011 455 1069 constituta
467 1007 610 1076 ecclesia,
627 1023 692 1064 cum
703 1004 825 1078 capellis
836 1007 865 1058 et
880 1001 1004 1060 decimis
1094 1001 1151 1073 Ego
1165 998 1315 1064 soffredus
1331 997 1375 1054 tit.
1393 995 1420 1051 S.
1436 995 1584 1063 Proexedis
1597 995 1696 1070 presb.
1713 995 1793 1052 card.
1813 995 1888 1052 sub-

178 1100 249 1166 suis‚
266 1115 331 1170 qum
346 1099 377 1152 in
392 1098 534 1170 praesenti
557 1095 593 1152 ad
604 1097 656 1170 jus
672 1094 807 1168 ejusdem
822 1091 1002 1153 Placentino
1058 1089 1173 1162 scripsi.

176 1188 316 1246 Ecclesiae
327 1187 476 1265 pertinere
493 1173 669 1254 noscuntur,
683 1184 735 1240 sub
750 1189 800 1250 tua
813 1199 931 1256 semper
939 1187 1003 1241 tuo·
1092 1181 1150 1248 Euo
1166 1175 1334 1242 bernardus
1348 1177 1376 1232 S.
1393 1173 1472 1235 Petri
1487 1173 1525 1238 ad
1540 1175 1665 1237 Vincula
1678 1175 1777 1250 presb.
1802 1175 1885 1232 card.

176 1294 302 1350 rumque
314 1292 519 1341 successurum
531 1273 691 1355 episcopali
704 1273 871 1346 provisione
883 1287 1002 1354 pertua.
1057 1269 1102 1335 tit,
1116 1267 1254 1334 Eudoxiae
1268 1265 1439 1340 subscripsi.

176 1373 278 1424 aeaut.
294 1367 452 1434 Praeterea,
462 1365 498 1422 ad
511 1363 662 1435 exemplar
674 1352 920 1444 supramemorati
931 1361 1004 1416 Pas·
1092 1359 1150 1432 Ege
1166 1357 1320 1424 Gratianus
1335 1355 1383 1422 SS,
1400 1356 1512 1422 Casuras
1527 1359 1557 1414 et
1571 1353 1706 1419 Damiani
1720 1355 1795 1416 diac.
1813 1353 1886 1410 card

177 1455 271 1512 chelis
282 1455 368 1520 eliel.
381 1471 470 1526 inem.
483 1454 659 1523 iunocentii,
668 1451 790 1512 Adriani
802 1456 831 1506 et
842 1445 1003 1514 Alexandri
1058 1445 1230 1522 subscripsi.

177 1545 377 1608 Romanorum
389 1543 575 1614 pontificum,
592 1543 749 1606 statuimus
762 1545 791 1602 et
800 1537 939 1614 prasenti
951 1536 1003 1597 de·
1092 1537 1150 1610 Ego
1167 1531 1313 1603 lietardus
1328 1533 1356 1592 S.
1372 1533 1495 1602 Adriani
1511 1533 1587 1599 diac.
1611 1533 1691 1602 card.
1708 1533 1885 1606 subscripsi.

178 1639 257 1688 creto
274 1633 423 1700 sancimus
437 1635 469 1697 ut
482 1630 581 1688 clerici
593 1630 670 1690 inira
683 1630 830 1696 civitatem
848 1645 900 1690 seu
915 1643 1003 1698 paro·
1092 1627 1150 1699 Ego
1167 1624 1323 1700 Gregorius
1348 1624 1375 1680 S.
1399 1623 1497 1692 iterim
1521 1623 1553 1696 iu
1568 1623 1687 1689 Portica
1702 1623 1777 1690 diac.
1801 1624 1886 1680 card.

177 1721 275 1779 chiam
286 1721 489 1788 Placentinum
501 1720 537 1786 ad
552 1719 630 1782 beati
646 1720 717 1783 strui
732 1717 894 1782 Ecclesiam
908 1714 1001 1788 perti·
1017 1751 1045 1824 B
1059 1714 1231 1789 subscripsi.
1393 1789 1395 1798 y

177 1816 295 1879 nentes,
311 1809 364 1875 tibi
379 1811 497 1882 tuisque
513 1807 733 1874 successorihus
744 1803 1003 1888 episcopalisjuris
1033 1823 1037 1833 ‘
1093 1803 1260 1878 Egollicol,
1282 1803 1424 1872 &Maria
1453 1800 1484 1865 in
1512 1804 1679 1874 Cosmediq.
1704 1804 1780 1869 disc.
1802 1801 1888 1862 card.

177 1893 1004 1966 obnoxiihabeantuuridelicetutavobisordinationem
1060 1893 1231 1966 subscripsi.
1338 1958 1341 1963 ,

177 1985 492 2060 ὃῦὲθῑΡῑᾶΙΙῑΝΟοιιίειᾱ
502 1983 828 2052 conciliumueuiuntet
838 1983 874 2036 de
884 1979 1004 2056 regimi·
1094 1985 1153 2056 ugo
1166 1981 1321 2058 Gregorius
1337 1983 1365 2044 S·
1381 1981 1485 2058 ringeli
1501 1979 1576 2040 diac.
1599 1984 1679 2042 card.
1709 1981 1888 2058 subscripsi.

176 2091 214 2130 ne
225 2077 326 2150 populi
339 2075 549 2148 dispositiones
559 2079 671 2138 vestras
681 2072 859 2140 custodiant,
875 2069 1005 2136 chrisma
1095 2074 1152 2146 Ego
1168 2073 1248 2146 liuga
1265 2073 1293 2126 S.
1308 2072 1447 2137 Eustachi
1462 2069 1528 2138 diac
1543 2072 1623 2128 card.
1638 2071 1812 2148 subscripsi.

175 2165 276 2234 oleum
288 2161 822 2232 sanctum‚consecrationesaltarium
834 2159 892 2218 sive
903 2157 1004 2226 basili·
1096 2163 1201 2229 Datum
1218 2161 1364 2230 ueterani,
1381 2178 1434 2237 ptr
1449 2178 1572 2224 mutuum
1581 2161 1891 2236 Rayualdihcherun.

174 2270 277 2311 carum
293 2253 371 2315 infra
385 2254 556 2326 parochiam
569 2253 853 2318 Placentinamate
876 2249 921 2307 vel
945 2248 1004 2305 tuis
1060 2250 1355 2324 tiuiarciiiepiscopi‚
1372 2249 1544 2316 cancellarii
1574 2251 1667 2307 ricem
1695 2252 1823 2325 agentis,
1839 2269 1892 2308 rnr

174 2342 329 2400 catholicis
345 2343 567 2400 successoribus
584 2348 717 2416 tempore
732 2345 899 2416 opportuno
919 2338 999 2404 reci·
1059 2338 1128 2396 ldus
1141 2339 1322 2408 Novembris¹
1336 2337 1499 2402 indictione
1514 2357 1544 2408 ιι,
1561 2339 1777 2399 iucarnationis
1788 2341 1891 2396 Domi·

179 2432 273 2502 piant,
290 2431 438 2504 siquidem
453 2432 578 2506 gratiam
593 2429 874 2498 eteommuuiouem
885 2433 1003 2502 aposto·
1060 2429 1134 2489 nicae
1149 2445 1229 2498 auno
1245 2429 1388 2498 uexerit,
1404 2429 1595 2502 pontificatus
1609 2447 1677 2487 vero
1702 2429 1817 2488 domiui
1840 2433 1893 2488 ln-

172 2521 237 2577 licm
246 2521 538 2590 sedishabueritis,et
549 2521 683 2593 aegrotis
691 2537 725 2586 ac
734 2522 798 2574 siue
808 2517 950 2590 pravitate
959 2534 1005 2574 voe
1059 2519 1190 2584 nocentii
1205 2535 1289 2604 papae
1304 2519 1343 2575 ΙΙΙ
1357 2535 1436 2582 auno
1451 2515 1590 2577 secundo.

172 2607 290 2668 lueritis
302 2609 701 2682 exhibereSupradictorum
712 2624 830 2688 quoque
839 2605 1004 2680 praedeces·
1420 2607 1517 2670 CCCV.

176 2697 947 2768 sornrnnostrorumbon.mem.Pascbalis‚hdriani,
965 2703 1004 2774 et,
1058 2715 1226 2774 nucerinus,
1258 2713 1421 2768 saronicus,
1454 2714 1487 2756 ar
1523 2715 1664 2756 parrensis
1700 2715 1890 2758 accessurus

176 2787 1004 2863 Alexandriliomauurumpontificumvestigiairuitautes
1093 2805 1274 2843 araurrnauu
1301 2804 1441 2842 remearis
1464 2804 1491 2842 ru
1511 2804 1657 2846 eaovracia
1677 2805 1889 2850 uoruouacrnsr

176 2876 390 2933 monasterium
406 2877 485 2933 beati
501 2875 583 2932 Pauli
595 2875 631 2931 de
643 2877 769 2947 blerano,
781 2893 848 2935 curu
859 2875 943 2932 cellis
957 2876 1003 2945 uel
1093 2895 1274 2934 consum-ns.

176 2965 311 3022 ecclesiis
322 2966 436 3038 quasin
451 2963 778 3038 parochiaPlacentiua
789 2965 933 3038 possidet,
950 2951 1003 3018 tibi
1271 2968 1309 3030 De
1329 2965 1449 3025 subsidio
1467 2971 1544 3034 terra
1558 2971 1668 3022 sancta.

175 3053 293 3131 tuisque
305 3052 692 3129 successoribusepiscopali
699 3054 767 3126 jure
775 3053 925 3118 subditum
935 3070 1003 3126 per·
1093 3055 1167 3126 (lli)
1182 3057 1365 3123 lnauceurrus
1377 3055 1544 3138 episcopus,
1556 3071 1656 3114 servus
1668 3071 1822 3120 servorum
1834 3056 1888 3112 Dei

174 3146 264 3214 petuo
281 3158 400 3200 manere
413 3141 574 3210 sancimus¹
586 3142 760 3214 utejusdem
769 3141 1001 3203 monasteriiah-
1015 3120 1042 3187 (ἶ
1055 3141 1172 3210 dilectis
1188 3143 1258 3211 iiliis
1273 3143 1439 3212 abbatibus¹
1455 3141 1604 3218 prioribus
1619 3149 1648 3200 et
1662 3143 1809 3199 universis
1831 3146 1889 3200 Ec-

175 3229 230 3286 bas
243 3230 412 3304 quicunque
428 3227 670 3302 successeritper
685 3247 735 3286 uos
749 3229 841 3289 futuri
860 3231 1004 3304 tempori·
1055 3233 1213 3290 elesiarum
1228 3237 1431 3318 exemptarum
1468 3227 1577 3287 raelatis
1597 3231 1628 3288 iu
1652 3231 1887 3305 Rothomagensi

172 3317 1002 3401 busbenedictionemordinationisaccipiat‚ettaniipse
1054 3321 1205 3394 provincia
1220 3321 1399 3392 constitutis,
1415 3249 1541 3388 saiutem
1562 3327 1592 3392 et
1610 3321 1806 3395 apostolicam
1831 3321 1888 3378 he-

173 3423 263 3479 quam
274 3409 324 3482 qui
341 3409 395 3464 sub
411 3425 445 3464 eo
462 3413 531 3464 sunt
543 3407 644 3464 clerici
659 3407 696 3464 ad
711 3409 858 3482 synodum
873 3415 1000 3466 vestram
1054 3410 1268 3478 nedictionem.

173 3500 274 3555 venire
291 3516 350 3554 uon
365 3503 504 3568 renuant,
522 3499 599 3557 sicut
613 3498 758 3558 hactenus
774 3503 819 3556 est
833 3499 997 3557 obtentum.
1090 3499 1226 3556 Formam
1242 3499 1413 3571 apostolicas
1435 3497 1658 3560 constitutionis
1680 3518 1778 3576 nuper
1804 3501 1888 3558 salu-

174 3589 314 3662 Ejusdem
330 3606 447 3662 quoque
463 3586 520 3644 loci
536 3588 660 3660 quilibet
676 3589 777 3647 clerici
800 3589 846 3656 vel
860 3589 998 3654 monachi
1053 3587 1147 3650 briter
1157 3587 1267 3658 editam
1278 3606 1332 3733 pro
1349 3587 1482 3652 subsidio
1494 3593 1579 3645 terras
1596 3595 1706 3648 sanctes
1722 3608 1757 3646 ex
1773 3591 1885 3647 litteris

174 3694 227 3750 per
241 3683 370 3746 vestrum
385 3677 583 3735 ministerium
594 3677 632 3734 ad
647 3679 874 3736 sacrosordines
884 3697 999 3752 promo·
1054 3695 1127 3748 quas
1142 3679 1173 3746 in
1188 3679 1275 3752 singu
1288 3695 1320 3746 us
1335 3677 1501 3762 provincias
1516 3678 1701 3746 destinamus
1714 3679 1883 3756 intelligere

174 3772 307 3836 veantur,
324 3767 464 3837 chrisma,
480 3766 580 3823 oleum
598 3774 744 3838 sanctum,
761 3767 999 3824 consecrationes
1053 3767 1188 3837 poteritis
1216 3765 1377 3824 evidenter.
1400 3769 1552 3829 Mouemus
1580 3768 1670 3842 igitur
1693 3769 1884 3828 devotionem

174 3855 313 3911 altarium
329 3873 381 3911 seu
396 3856 585 3914 basilicarum
603 3856 711 3930 inipso
726 3857 918 3926 monasterio,
938 3858 997 3914 sive
1053 3859 1180 3926 vestram
1192 3860 1221 3911 et
1231 3855 1421 3928 exhortamur
1429 3857 1458 3912 in
1470 3857 1644 3928 Dominoac
1656 3859 1886 3932 parapostolica

173 3947 204 4002 iu
220 3947 303 4002 cellis
319 3949 383 4020 ejus
398 3953 449 4002 aut
462 3946 596 4004 ecclesiis
611 3947 641 4002 in
656 3953 752 4003 vestra
767 3948 907 4020 parochia
921 3966 996 4006 con·
1053 3945 1163 4018 scripta
1173 3943 1203 4014 iu
1223 3945 1328 4000 virtute
1342 3945 1467 4022 Spiritus
1483 3946 1578 4002 sancti
1594 3947 1649 4002 sub
1665 3945 1760 4002 divini
1772 3947 1884 4022 judicii

173 4034 284 4090 stitutis
298 4053 315 4091 a
327 4036 409 4092 vobis
425 4035 599 4107 suscipiant,
614 4035 762 4108 siquidem
772 4037 896 4107 gratiam
907 4043 995 4110 atque
1052 4033 1249 4095 obtestatione
1262 4034 1463 4112 praecipiendo
1473 4035 1663 4107 mandamus,
1681 4043 1832 4110 quatenus
1847 4037 1884 4094 ad

172 4126 414 4184 communionem
431 4125 600 4198 apostolicae
618 4123 697 4180 sedis
718 4125 892 4196 habueritis,
910 4134 939 4182 et
962 4145 997 4184 ea
1052 4123 1223 4180 citationem
1238 4123 1474 4206 dioecesanorum
1487 4125 1709 4200 episcoporum,
1725 4144 1817 4200 quam
1834 4145 1887 4200 per

170 4216 262 4290 gratis
276 4234 310 4274 ac
326 4217 391 4276 sine
403 4217 545 4294 pravitate
561 4218 713 4272 volueritis
725 4217 874 4274 exhibere.
892 4221 998 4276 Decer—
1053 4229 1103 4268 eos
1127 4231 1186 4268 non
1212 4231 1265 4270 sua
1288 4211 1340 4269 sed
1361 4219 1464 4270 nostra
1484 4215 1549 4270 fieri
1564 4216 1743 4271 auctoritate
1760 4217 1887 4272 manda-

170 4307 269 4363 nimus
285 4324 353 4381 ergo
366 4312 399 4362 ut
414 4305 491 4362 nulli
507 4305 630 4362 curnino
647 4306 812 4374 homiuum,
828 4307 930 4376 fassit,
940 4315 996 4366 etc.
1051 4302 1235 4372 muudevote
1250 4320 1284 4359 ac
1298 4303 1453 4360 humiliter
1465 4303 1745 4378 accedentes‚juxta
1755 4305 1886 4362 formam

206 4399 263 4470 ligo
288 4397 482 4454 innocentius
504 4393 657 4454 catholicas
677 4396 816 4454 Ecclesiae
841 4398 996 4472 episcopus
1051 4391 1082 4446 in
1098 4391 1205 4448 litteris
1221 4393 1331 4448 nostris
1347 4410 1517 4466 expressam
1542 4393 1804 4468 quadragesimam
1822 4397 1887 4454 sal·

172 4486 345 4560 subscripsi.
1011 4491 1038 4558 D
1055 4479 1888 4556 temomniumecclesiasticorumreddituumetproven-

207 4577 266 4646 Ego
282 4575 434 4632 conradus
447 4576 634 4650 Magunlinus
650 4575 890 4652 archiepiscopus
906 4583 936 4634 et
948 4578 998 4638 sa.
1053 4575 1137 4626 tuum
1159 4577 1323 4627 vestrorum
1339 4571 1369 4626 in
1385 4576 1470 4627 terrae
1486 4577 1598 4628 sanctae
1615 4572 1782 4630 subsidium
1806 4593 1886 4632 con-

171 4661 260 4719 hinus
276 4665 433 4741 episcopus
450 4665 623 4737 subscripsi.
1052 4659 1181 4728 vertatis,
1198 4665 1231 4714 ut
1245 4659 1309 4733 ejus
1325 4661 1390 4716 sitis
1404 4660 1591 4718 remissionis
1606 4663 1767 4736 participes
1790 4683 1885 4738 quam

207 4753 265 4825 Ego
281 4753 457 4811 Octavianus
473 4755 617 4812 Ostiensis
632 4761 661 4810 et
676 4754 868 4812 Velletrensis
882 4757 998 4830 episco-
1051 4753 1173 4822 PPOlliffl'
1191 4749 1247 4804 1¹⁰0
1270 4748 1337 4804 aliis
1357 4748 1556 4823 indulgemus·
1572 4749 1725 4823 AliOtluiss.
1741 4760 1885 4812 willem-

170 4856 225 4910 pus
241 4840 413 4918 subscripsi.
1051 4841 1134 4909 ptum
1147 4842 1283 4894 nostrum
1299 4837 1358 4893 imo
1368 4839 1575 4912 Redemptoris
1588 4839 1619 4895 iu
1634 4858 1684 4897 vos
1699 4847 1782 4898 tauto
1799 4862 1886 4901 sere-

204 4931 263 5004 Ego
279 4932 384 4988 Petrus
399 4933 571 4990 portuensis
587 4940 616 4990 ei
638 4935 665 4991 s,
693 4933 819 4991 flusfinae
841 4935 996 5010 episcopus
1050 4926 1113 4982 rius
1135 4925 1305 4982 curabimus
1332 4927 1492 4998 vindicare,
1519 4935 1630 5002 quanto
1645 4947 1695 4986 vos
1721 4933 1885 5006 specialius

168 5017 341 5094 subscripsi.
1050 5015 1211 5090 diligimus.
1235 5019 1264 5073 et
1287 5017 1319 5074 in
1342 5017 1495 5075 charitatis
1519 5018 1660 5090 operibus
1680 5021 1884 5084 rossolumus

202 5109 260 5184 Ego
275 5111 404 5168 loannes
420 5111 600 5170 albonensis
615 5113 773 5187 episcopus
793 5113 965 5186 subscripsi.
1050 5107 1222 5178 pruvenire·

202 5197 260 5271 Ego
285 5200 467 5274 Panduphus
492 5201 623 5258 Basfficffi
648 5219 687 5258 x„
709 5202 912 5276 apostolorum
926 5219 996 5276 pre.
1086 5197 1193 5251 batum
1208 5195 1355 5266 Laterani,
1371 5197 1813 5272 Nonisianuariipontilicatus
1828 5221 1883 5260 no·

169 5286 270 5358 sbpter
286 5289 446 5348 cardinalis
462 5289 635 5363 subscripsi.
1051 5285 1104 5340 siri
1120 5301 1197 5342 auno
1214 5285 1355 5342 secundo.

205 5443 279 5519 (lit)
296 5447 366 5504 Vide
382 5465 472 5522 supra
485 5449 570 5522 epist.
587 5453 650 5505 272.
