3952 6062
234 261 284 313 titt
725 255 926 312 tuuocuuru
944 253 983 310 111
1001 254 1055 310 ΡΡ.
1076 253 1311 312 REGESTORUM
1330 254 1396 312 LlB.
1415 253 1451 309 11.
1868 261 1908 314 iii

237 383 512 457 scripsisse.Littera
522 396 640 453 quoque
650 381 800 438 recentior
808 379 1057 450 videbaturquam
1070 400 1100 465 Α
1115 379 1234 437 dentiru
1244 381 1393 454 justitiam
1408 385 1466 436 tues
1481 379 1585 453 partis,
1600 397 1654 453 per
1666 385 1757 438 testes
1779 383 1909 442 videbator

235 475 346 540 charta,
361 475 390 528 et
403 487 482 542 aqua
496 469 651 528 videbatur
670 473 844 526 encaustum
856 468 1010 537 iniectum,
1024 472 1058 523 ut
1109 468 1236 541 probare
1251 469 1331 542 quod
1345 469 1541 526 iiedioianen.
1568 469 1804 544 archiepiscopus
1827 476 1907 530 omnia

234 559 741 635 antiquinsapporerct.lnomnibus
752 560 842 616 etiarn
852 556 1057 629 imperialibus
1110 559 1906 634 qnapremissasuntasexagintaannisinirapossede-

231 651 468 726 privilegiisque
479 650 643 722 posteriora
656 648 776 706 fuerant
789 648 874 704 nulla
882 663 1003 721 prorsus
1012 651 1058 702 est
1108 652 1155 704 rat
1164 649 1350 705 inconcusse.
1363 651 1583 706 Verumcoutra
1593 651 1826 723 praescriptiones
1836 652 1907 725 huju-

230 739 332 796 habita
346 738 457 794 mentio
473 739 510 793 de
525 737 578 794 illa
590 739 747 806 sententia,
763 737 897 809 quamvis
913 737 943 791 in
953 749 1055 791 eorum
1109 737 1204 793 smodi
1220 736 1316 794 dictus
1331 737 1422 794 abbas
1432 739 1679 811 interruptionem
1689 739 1779 796 medii
1787 743 1905 814 temporis

229 828 381 900 aliquibus
396 828 508 883 mentio
523 827 600 883 iacta
614 826 704 882 fuerit
720 827 861 894 Loitardi,
877 825 927 896 qui
938 823 1055 880 diceba·
1107 825 1222 882 civilem
1233 827 1382 900 pariteret
1391 827 1557 884 naturalem
1568 827 1686 902 obJecit.
1696 829 1772 884 Olim
1779 829 1851 884 enim
1863 831 1905 885 Go-

228 924 277 974 tur
290 917 482 974 donationem
494 915 609 972 iecisse.
626 919 717 972 Porro
728 916 751 971 si
761 915 926 988 legitimum
938 919 1017 970 esset
1026 919 1055 970 et
1106 916 1184 972 corio
1196 914 1345 987 quondam
1354 917 1460 973 comite
1471 933 1488 972 a
1498 916 1637 972 Federico
1648 917 1720 989 imp.
1730 918 1861 990 superbis
1867 919 1905 990 ju-

225 1024 327 1064 veram
343 1007 576 1062 instrumentum
591 1006 756 1073 sententia,
780 1020 833 1077 per
854 1003 938 1060 illam
954 1008 1053 1059 tamen
1105 1004 1171 1062 dice
1181 1005 1326 1079 delegato,
1340 1021 1407 1063 cum
1418 1011 1485 1078 post
1494 1005 1650 1061 citationes
1659 1005 1805 1079 legitimas
1817 1007 1903 1061 liedio

227 1096 406 1152 sententiam
418 1095 534 1150 nullum
544 1092 1050 1165 iiedioianarchiepisoopatuipras-
1104 1093 1164 1152 lan.
1190 1095 1431 1167 archiepiscopus
1458 1111 1490 1151 se
1504 1095 1720 1152 contumaciter
1734 1093 1904 1164 absentasset,

221 1184 372 1258 judicium
389 1188 505 1257 poterat
518 1182 664 1256 generari,
677 1199 745 1238 cum
755 1183 820 1254 ipsa
830 1181 979 1238 sententia
993 1180 1053 1237 iata
1103 1200 1157 1256 pro
1168 1185 1349 1240 monasterio
1360 1184 1417 1239 iuit
1429 1183 1490 1239 iata
1502 1184 1652 1240 sententia
1664 1189 1694 1241 et
1703 1184 1795 1257 ipsius
1805 1185 1904 1242 nomine

222 1273 493 1340 fueritinteralios,
504 1277 534 1327 et
543 1288 591 1327 res
602 1270 762 1328 interalios
770 1271 894 1327 actaalii
905 1287 965 1326 non
976 1287 1052 1342 pras·
1104 1273 1266 1346 corporalis
1280 1273 1428 1346 possessio
1439 1273 1599 1346 assignata,
1611 1290 1701 1346 quam
1712 1290 1767 1346 per
1775 1290 1904 1330 sexauoos

218 1363 354 1435 judicet;
368 1378 423 1418 nec
432 1361 637 1426 attestationes
648 1378 714 1432 quae
727 1360 956 1418 continebantur
968 1360 1051 1415 inin·
1103 1367 1133 1416 et
1147 1361 1276 1434 amplios
1290 1362 1423 1418 habitam
1439 1361 1470 1418 in
1485 1360 1564 1417 belio
1588 1360 1746 1418 liediolan.
1776 1362 1903 1418 asserebat

224 1456 391 1507 strumento
404 1451 627 1523 sententiesper
636 1467 709 1523 quas
719 1449 976 1524 legitimadonatio
987 1448 1048 1505 Lui·
1102 1449 1243 1506 omissam
1259 1451 1326 1521 (27),
1349 1467 1403 1524 per
1417 1449 1496 1522 quod
1511 1449 1658 1523 allegabat
1669 1451 1901 1523 prescriptionem

218 1541 297 1596 tardi
308 1538 462 1596 videbatur
475 1557 540 1596 esse
551 1540 685 1612 probata,
697 1545 835 1612 poterant
844 1539 940 1595 eidem
952 1539 1050 1596 archi·
1101 1537 1227 1594 civiliter
1241 1544 1271 1594 et
1284 1537 1678 1612 naturaliterinterruptam.
1691 1540 1781 1596 Porro
1792 1539 1902 1596 adesce

223 1628 1049 1703 episcopatuinocumentumaliquodirrogarecuminter
1100 1627 1232 1698 ptionem
1243 1629 1428 1700 praemissam
1439 1628 1614 1700 sepedictus
1622 1635 1859 1702 procuratorium
1869 1635 1901 1684 ta-

222 1721 297 1776 aiias
312 1735 456 1791 personas
471 1723 501 1774 et
515 1718 545 1772 in
570 1718 628 1773 alio
640 1717 754 1791 jndicio
767 1722 893 1790 receptas
908 1717 1043 1773 inissent.
1102 1714 1170 1772 liter
1178 1715 1434 1789 replicabat,quod
1445 1717 1531 1774 bones
1541 1719 1899 1791 memoriaeio.Anagninos

221 1810 366 1865 Caeterum
391 1812 589 1863 memoratum
611 1807 729 1863 ilenrici
753 1807 949 1880 privilegium,
964 1775 1213 1878 quodBSanctae
1238 1807 1335 1862 liariae
1350 1808 1381 1862 in
1397 1807 1514 1863 Portica
1536 1805 1612 1863 diac.
1635 1807 1804 1868 cardinalis,
1820 1813 1899 1878 postea

220 1915 280 1954 non
297 1898 392 1954 solum
408 1897 643 1952 conilrmationis
659 1897 710 1953 sed
721 1897 810 1952 etiam
821 1895 990 1952 donationis
1003 1897 1044 1952 vi·
1099 1894 1198 1950 Sancti
1210 1895 1297 1950 iiarci
1307 1895 1472 1968 presbyter,
1480 1895 1797 1968 ettandemepiscopus
1804 1897 1899 1952 Proue-

219 1987 344 2044 debatur
358 1985 460 2055 fuisse,
475 1985 555 2042 unde
571 2002 670 2042 rerum
686 1985 852 2042 dominium
866 1985 1044 2042 donatarum
1098 1983 1251 2053 atinensis,
1264 1988 1335 2040 tunc
1347 1983 1517 2056 apostolicae
1534 1983 1613 2041 sedis
1628 1984 1754 2058 legatus,
1767 1984 1898 2041 attendens

219 2076 428 2150 intelligifcrte
436 2080 553 2147 poterat
564 2074 743 2130 monasterio
755 2074 933 2146 acquisitum
944 2079 973 2132 et
983 2081 1044 2130 tra·
1097 2070 1897 2144 quarnbarbaricaieritateetinsatiabiliodioEcclesiam

217 2166 323 2233 ditum,
347 2164 481 2238 quamvis
503 2181 537 2220 ex
562 2163 658 2220 forma
672 2162 835 2235 petitionis,
850 2180 917 2234 quae
933 2163 962 2218 in
977 2164 1041 2236 ipso
1097 2161 1899 2234 etcivitatemliedioian.Federicusimperatoriunditos

217 2254 368 2328 privilegio
386 2253 592 2310 declaraturet
604 2251 781 2325 quibusdam
793 2252 860 2309 aliis
871 2252 967 2308 verbis
975 2269 1041 2324 quae
1096 2250 1185 2306 vellet
1194 2255 1324 2308 evertere
1335 2256 1423 2323 atque
1434 2251 1466 2307 in
1475 2251 1645 2324 supremam
1654 2251 1787 2326 redigere
1798 2251 1898 2308 servitu·

216 2343 405 2414 ponunturin
414 2343 488 2413 ipso,
500 2341 756 2398 confirmatorium
768 2347 883 2398 tantum
893 2340 1043 2398 videretur
1096 2343 1167 2408 tem,
1181 2339 1325 2412 quidquid
1334 2339 1397 2413 ipse
1405 2340 1451 2397 rei
1463 2340 1573 2412 aliquis
1577 2339 1672 2413 judex
1682 2356 1735 2398 seu
1744 2340 1898 2396 ministerio·

214 2431 317 2497 foisse,
334 2437 481 2488 attamen
501 2431 685 2505 intelligatur
708 2449 742 2487 eo
764 2430 852 2487 modo
873 2447 931 2504 quo
947 2432 1040 2504 magis
1095 2426 1132 2482 lis
1147 2427 1213 2499 ejus
1227 2427 1258 2485 in
1274 2428 1425 2496 ecclesias,
1446 2429 1570 2486 clericos
1595 2430 1639 2486 vel
1664 2431 1742 2486 cives
1764 2429 1895 2493 liedioiau¹

215 2527 316 2592 posset
327 2519 434 2587 valere,
444 2519 687 2593 distinguendum
701 2520 820 2591 utrique
831 2519 995 2589 videbatur,
1008 2525 1041 2576 nt
1095 2521 1260 2574 statuerant
1270 2522 1402 2589 tempore
1415 2517 1476 2588 iiio,
1488 2517 1519 2572 in
1531 2517 1648 2574 irritum
1659 2519 1819 2586 revocavit,
1830 2518 1896 2589 cnjus

215 2608 295 2664 idem
308 2611 452 2666 tierricus
462 2609 521 2664 alia
531 2609 684 2666 donaverit
701 2615 730 2665 et
739 2609 797 2666 alia
808 2611 1037 2678 confirmaverit,
1093 2605 1204 2662 iactum
1215 2605 1311 2662 ieliois
1323 2607 1538 2664 recordationis
1546 2606 1715 2664 Alexander
1724 2623 1798 2681 papa
1807 2605 1896 2680 prade-

213 2713 281 2752 oum
296 2698 400 2754 eadem
410 2697 541 2770 legitime
552 2699 755 2771 nequivissent
765 2705 795 2754 et
804 2700 976 2756 confirmari
986 2716 1040 2772 pa·
1093 2712 1194 2752 cessor
1207 2700 1309 2750 noster
1321 2696 1488 2768 approbans
1504 2697 1700 2754 confirmarit.
1716 2697 1794 2755 Unde
1809 2695 1895 2769 quoda

213 2786 287 2842 riter
297 2791 326 2840 et
335 2786 439 2842 donari
450 2803 457 2853 ;
473 2787 644 2843 coniirmari
654 2793 795 2860 tanquam
806 2788 889 2860 prius
899 2787 1000 2843 habita
1011 2791 1040 2844 et
1093 2785 1215 2857 praeieto
1225 2785 1334 2840 comite
1344 2785 1454 2842 iactum
1463 2786 1559 2842 inerat
1568 2787 1599 2842 in
1607 2784 1711 2843 odium
1721 2786 1894 2843 Mediolanen-

214 2890 368 2945 possessa;
380 2873 497 2942 donari,
508 2879 650 2946 tanquam
659 2875 1037 2932 tunctraditaetconcessa.
1093 2875 1180 2942 sium,
1193 2891 1268 2946 qnos
1280 2873 1377 2930 dictus
1392 2875 1554 2947 imperator
1567 2876 1665 2932 acrius
1680 2875 1840 2942 infestabat,
1850 2874 1895 2928 lie·

213 2961 928 3035 Donaverit,inquam,iilaquaeipseintratrium
940 2964 1038 3020 milia·
1093 2959 1260 3016 diolanensi
1275 2960 1414 3018 Ecclesiae
1427 2962 1582 3034 praemissa
1596 2964 1712 3020 ratione
1728 2979 1787 3020 uon
1800 2965 1894 3035 potarat
1933 2941 1934 3023 l

211 3051 1038 3122 riumspatiummonasterioconcedebat.Conilrmaverit
1091 3048 1299 3121 prejudicium
1312 3066 1464 3122 generare.
1481 3053 1572 3108 Porro
1587 3052 1736 3110 rationem
1747 3047 1892 3125 hujusmodi

212 3145 312 3194 autem
328 3157 393 3211 ques
408 3141 491 3212 prius
504 3141 560 3212 ipsi
572 3143 753 3198 monasterio
765 3158 907 3198 concessa
920 3140 1039 3198 inerant
1052 3131 1078 3198 G
1093 3153 1160 3209 pars
1175 3137 1297 3194 advorsa
1311 3138 1446 3194 irivola'm
1460 3140 1626 3212 reputabat,
1643 3157 1711 3198 cum
1726 3140 1806 3198 iacta
1816 3155 1893 3196 causo
1932 3157 1933 3184 i

211 3227 454 3298 etdcnata,inter
463 3245 529 3300 quae
538 3229 591 3286 illa
600 3231 900 3303 continebanturquae
909 3229 1036 3286 deducta
1088 3226 1172 3282 nulla
1180 3227 1259 3298 juris
1274 3227 1486 3284 constitutione
1502 3228 1567 3284 iieri
1579 3230 1697 3301 possint
1708 3231 1825 3287 iniecta.
1837 3229 1892 3283 Coro

211 3318 322 3374 suntin
334 3319 502 3389 judicium;
518 3335 552 3375 ac
561 3337 615 3392 per
629 3320 684 3376 boc
699 3320 752 3376 illa
766 3337 826 3376 nou
841 3321 1035 3391 poterantin-
1088 3320 1188 3370 aulem
1198 3331 1287 3387 super
1302 3317 1349 3371 bis
1362 3333 1428 3388 qum
1442 3318 1645 3390 praemisimus
1660 3319 1693 3375 in
1708 3315 1891 3376 nostraetlra-

210 3405 303 3480 telligi
317 3424 371 3479 per
381 3407 565 3481 privilegium
575 3409 650 3464 illud
662 3408 771 3466 donata
783 3409 834 3466 sed
845 3411 1032 3478 couiirmata,
1088 3409 1167 3460 trum
1179 3411 1347 3462 nostrorum
1358 3407 1517 3477 prasentia
1531 3406 1758 3465 luissetdiutins
1767 3408 1889 3481 litigatum

209 3511 289 3564 corn,
296 3495 383 3568 juxta
389 3495 536 3570 legitimas
552 3499 730 3566 sanctiones,
743 3497 822 3571 quod
832 3515 932 3556 meum
943 3505 988 3554 est
999 3515 1033 3555 ex
1088 3495 1158 3566 quia
1166 3494 1297 3568 legitime
1306 3495 1463 3567 probatum
1471 3513 1531 3552 non
1544 3496 1640 3554 iuerat
1648 3515 1684 3556 ea
1694 3516 1758 3572 quas
1769 3495 1889 3572 peteban-

209 3584 268 3640 aiia
283 3601 372 3642 causa
387 3602 485 3642 meum
498 3587 563 3642 ilcri
579 3604 640 3643 non
650 3589 755 3660 possit,
766 3589 823 3645 nisi
836 3589 958 3646 desierit
968 3605 1032 3646 esse
1087 3589 1136 3640 tur
1143 3584 1180 3642 ad
1188 3585 1403 3641 monasterium
1412 3586 1571 3658 pertinere,
1580 3586 1617 3644 de
1626 3589 1776 3646 communi
1785 3587 1887 3643 fratruo

209 3690 328 3741 meum;
352 3677 517 3746 praesertim
539 3693 606 3732 cum
622 3693 691 3748 pars
704 3679 877 3734 monasterii
891 3679 961 3736 nixa
974 3682 1032 3752 (26)
1087 3677 1256 3730 nostrorum
1271 3673 1638 3747 oonsilioabimpetitione
1649 3677 1743 3750 ipsius
1753 3675 1884 3750 prelatum

208 3761 298 3817 luerit
322 3763 525 3833 comprobare,
551 3769 613 3820 tum
635 3782 689 3837 per
710 3766 895 3840 privilegium
910 3783 1033 3824 coerces·
1086 3768 1308 3836 procuratorem
1319 3768 1402 3819 tunm
1413 3765 1534 3820 nomine
1546 3771 1595 3824 tuo
1607 3761 1886 3824 etiiediolandiccie-

208 3850 313 3918 sionis,
330 3854 455 3922 lumper
468 3852 700 3909 instrumentum
715 3857 870 3912 sententias
886 3855 965 3928 quod
981 3857 1033 3912 illa
1086 3852 1137 3908 siae
1148 3850 1366 3908 sententialiter
1374 3852 1513 3910 duximus
1523 3854 1736 3914 absolvendum
1748 3874 1754 3912 :
1766 3853 1884 3930 quoniam

207 3938 339 4011 legitime
355 3937 466 3995 luerint
480 3957 498 3996 a
512 3941 650 3998 Luitardo
667 3943 777 3999 donata
792 3949 822 4000 et
834 3944 879 4000 iili
894 3945 1032 4002 donatio·
1085 3957 1153 3997 cum
1169 3941 1294 3998 obscura
1309 3947 1380 3997 sunt
1387 3942 1458 4016 Jura
1472 3944 1613 4015 partium,
1628 3946 1781 4004 consuerit
1801 3945 1885 4000 contra

207 4027 238 4082 ni
253 4040 307 4099 por
316 4027 565 4098 totumJ'udioium
577 4035 622 4086 est
636 4031 758 4088 innixa:
773 4032 852 4089 unde
867 4035 1031 4106 postdona-
1085 4045 1153 4087 eum
1169 4031 1219 4102 qui
1235 4031 1343 4101 petitor
1355 4036 1399 4087 est
1410 4031 1549 4103 judicari.
1566 4033 1660 4107 Super
1673 4051 1776 4092 manso
1788 4048 1847 4089 vero
1857 4029 1885 4084 de

208 4115 320 4172 tionem
332 4115 503 4189 hujusmodi
518 4119 622 4175 eadem
633 4119 729 4176 eidem
745 4138 805 4177 non
820 4128 959 4195 poterant
978 4141 1029 4180 re·
1084 4119 1171 4176 Curta
1183 4119 1301 4183 Baveni,
1311 4118 1390 4190 quod
1402 4119 1439 4176 ab
1449 4121 1598 4177 antedicto
1610 4123 1749 4195 episcopo
1760 4125 1883 4179 veronen.

206 4204 322 4262 donari.
334 4207 405 4261 Cum
418 4222 486 4278 ergo
497 4207 1030 4270 confirmatoriumtantumexstiterit
1084 4207 1140 4263 luit
1156 4207 1212 4280 ipsi
1228 4208 1407 4264 monasterio
1421 4225 1475 4281 per
1500 4209 1689 4270 diffinitionis
1709 4211 1843 4269 calculum
1862 4205 1884 4259 iu

207 4292 312 4349 saltem
326 4295 423 4366 quoad
438 4295 491 4352 ilia
506 4313 572 4368 que)
588 4297 714 4354 deducta
724 4305 793 4354 sunt
803 4299 834 4354 in
842 4301 1028 4374 judicium,si
1083 4297 1266 4370 possessorio
1278 4296 1391 4369 judicio
1407 4298 1591 4370 attributum,
1608 4317 1662 4357 nos
1678 4317 1791 4375 quoque
1805 4297 1884 4354 eidem
1928 4319 1929 4334 ,

205 4383 369 4455 principale
384 4401 444 4440 uon
460 4385 557 4442 tenuit
571 4403 626 4442 nec
641 4389 839 4445 accessorium
848 4391 928 4462 quod
944 4407 978 4447 ex
994 4409 1027 4448 eo
1083 4385 1215 4442 canobio
1226 4391 1448 4458 procuratorem
1458 4387 1557 4460 ipsum
1570 4390 1750 4447 nominetuc
1760 4384 1883 4444 etiiedic

204 4471 250 4527 vel
263 4471 300 4526 ob
316 4473 346 4527 id
361 4472 545 4546 dignoscitur
558 4493 622 4532 esse
638 4480 853 4534 secutumPari
864 4480 952 4537 modo
968 4499 1026 4539 cae·
1040 4491 1067 4556 1)
1083 4475 1216 4532 lanensis
1231 4475 1370 4532 Ecclesiae
1385 4477 1416 4532 in
1437 4477 1575 4538 uctiiorio
1595 4477 1710 4550 judicio
1731 4475 1883 4536 autoritate

204 4563 268 4615 tera
293 4561 446 4635 privilegia
466 4565 549 4620 Rom.
575 4565 799 4637 imperatorum,
822 4563 938 4625 etiamsi
960 4588 1028 4628 vera
1078 4563 1882 4640 judiciariaoondemnemus,cumliquidesitprohatun

201 4647 329 4704 inissent
343 4657 373 4707 et
386 4651 450 4708 sine
466 4654 644 4726 suspicione,
658 4654 695 4711 ad
710 4657 917 4729 probationem
927 4665 1026 4717 tamen
1081 4652 1159 4726 qu⁰d
1175 4653 1287 4709 dicium
1303 4654 1517 4711 monasterium
1532 4669 1670 4712 mansum
1686 4657 1779 4728 ipsum
1789 4649 1882 4721 1⁰⁰8&

201 4736 1027 4810 invalidaprobarentur.Perinstrumentaverolocatio-
1082 4743 1156 4798 Siffl0
1166 4742 1881 4817 t0¹1¹i³⁰ie<illimi‘i’isse‘fibiil‘³⁸²iiiisiiiiieiiliiuluss

203 4825 314 4882 uisnec
325 4833 370 4882 est
384 4832 534 4902 utcunque
547 4831 670 4903 probata
685 4835 851 4907 proprietas
867 4853 922 4894 nec
937 4840 1026 4896 etiam
1081 4830 1883 4902 sibisileniiumimponentes-Cffliemmauctoriifloefli0‘
1926 4823 1927 4846 ³

200 5005 409 5077 probationem
419 5007 462 5062 rei
472 5009 598 5080 proprias
611 5010 670 5066 sive
679 5012 885 5070 defensionem
894 5033 954 5072 non
965 5017 1026 5073 sui·
1080 5010 1153 5066 libet
1164 5023 1368 5065 ⁵⁰0⁰0⁵⁵⁰r¹¹11¹
1377 5007 1413 5063 &d
1422 5009 1880 5082 r0⁸0211⁰³⁵0⁵³50110⁵eijflfiilffi'
1925 5041 1926 5082 t

201 5093 282 5151 liciat
296 5093 373 5152 iacta
387 5095 506 5154 locatio.
524 5097 604 5155 Licet
619 5104 718 5157 autem
743 5103 790 5158 bis
805 5109 834 5158 et
848 5104 914 5161 aliis
930 5105 1026 5163 modis
1080 5087 1879 5174 dicii11¹⁰¹1³⁵t0¹⁸fiffl³¹¹11⁵011211d³i2lirfflietidiiimdd‘
1925 5099 1926 5119 ¹

200 5183 376 5254 sepedictus
389 5193 563 5258 procurator
571 5193 640 5245 tuus
653 5191 848 5249 intentionem
860 5193 975 5250 abbatis
983 5196 1026 5250 vi·
1080 5192 1177 5261 portu,
1188 5187 1311 5254 h⁰¹¹0r02
1328 5185 1463 5242 districtu
1479 5193 1509 5243 et
1518 5188 1710 5262 juridictione
1725 5204 1741 5244 a
1755 5183 1832 5242 nobis
1844 5179 1880 5232 est

199 5269 319 5328 deretur
334 5274 445 5332 elidere
460 5281 639 5350 cautumque
653 5279 691 5336 sit
703 5279 734 5336 in
745 5281 815 5352 jure
836 5282 913 5337 civili
934 5283 1023 5354 quod,
1080 5275 1296 5336 sententialiter
1310 5273 1483 5331 diiilnitum.
1508 5276 1586 5332 Nulli
1603 5294 1680 5352 ergo,
1698 5281 1763 5344 eico
1777 5266 1878 5328 absdu'

197 5364 296 5415 actore
312 5378 372 5418 non
387 5365 542 5437 probante,
559 5367 649 5439 isqui
666 5369 850 5439 convenitur,
871 5371 926 5427 etsi
949 5371 1025 5428 nihil
1079 5367 1179 5435 tionis,
1196 5362 1393 5433 inhibitionis,
1407 5369 1437 5420 et
1451 5363 1651 5437 diffinitionis,
1667 5371 1721 5424 etc.

198 5449 378 5521 prostiterit,
395 5453 561 5522 obtinebit;
577 5455 614 5512 sd
624 5457 840 5516 ostendendam
853 5463 954 5518 nmen
964 5461 1025 5518 evi·
1114 5457 1220 5512 ilatum
1235 5452 1381 5522 Laterani,
1397 5470 1444 5510 Ν
1461 5454 1524 5512 Kiti-
1540 5455 1618 5514 Maii·

214 5535 658 5610 .(ac)1ntertiacollect.oaa.
1113 5543 1365 5621 (ammones.
