3956 6056
81 265 139 321 arr
270 317 275 325 ,
608 217 861 318 concinamus
879 219 976 317 nnnc
995 260 1018 330 1,
1038 261 1176 320 cnmsu
1196 261 1276 320 rios.
1377 225 1378 230 ‘
1740 261 1794 318 ars

81 391 267 466 principum,
282 387 417 445 fidelium
432 387 594 456 oblatione,
609 392 678 456 eta,
693 403 779 459 usque
797 388 835 443 od
848 403 911 444 cer·
924 389 953 455 Α
968 385 999 442 in
1014 386 1124 458 scripto
1140 387 1234 460 ipsius
1250 387 1381 461 episcopi
1395 387 1580 462 dignoscitur
1593 387 1795 448 contineriltx

82 483 145 538 born
159 479 406 554 permaneantln
421 476 530 549 quibus
539 477 743 549 episcopatum
759 476 913 533 catanien.
968 476 1161 533 concessione
1186 479 1221 534 ll.
1239 477 1389 533 Marenen.
1415 477 1546 551 episcopi
1570 477 1742 549 parochiam
1767 482 1797 534 et

80 569 203 644 proprio
228 567 369 625 duximus
392 565 534 623 vocabulo
559 565 797 639 designandum
825 581 915 637 quem
969 564 1120 622 diaecesim
1143 571 1173 622 et
1183 567 1234 639 Jns
1248 567 1415 640 episcopale
1442 583 1606 638 omnesque
1619 566 1751 624 decimas
1766 572 1797 625 et

79 661 161 716 idem
173 657 317 715 dominus
332 657 439 714 Lucius
452 655 488 712 de
503 655 632 712 fratrum
647 656 801 712 communi
816 656 916 712 consi·
969 653 1043 710 alios
1057 654 1192 711 redditus
1217 671 1291 728 quos
1306 655 1437 713 Ecclesia
1459 658 1607 714 Emaneu.
1623 655 1751 714 habebat
1763 657 1794 714 in

78 750 131 818 lio,
146 747 186 804 ad
218 745 344 802 multam
365 745 501 818 praedicti
525 745 604 818 regis
631 744 817 814 instantiam,
837 744 916 802 dicto
968 743 1132 816 municipio
1157 744 1224 814 lati,
1238 749 1267 800 et
1290 745 1453 816 municipio
1475 745 1649 802 calatratasi
1665 746 1795 802 cunctis-

78 835 296 911 prmdeccssori
312 839 362 890 tuo
378 834 504 907 ejusque
519 832 836 902 successoribus,sicut
849 849 916 907 pro·
969 849 1025 906 que
1043 833 1191 905 pertinen.
1216 835 1360 906 ipsorum,
1385 836 1462 891 sicut
1486 836 1517 892 in
1542 836 1653 906 scripto
1679 835 1794 907 praelati
1868 893 1871 905 ,

83 925 156 1000 priis
171 923 419 997 archiepiscopis,
435 921 653 994 metropolitico
681 923 712 978 in
736 926 915 996 perpetuum
969 923 1100 996 episcopi
1125 923 1315 981 manifestius
1339 925 1518 981 continetur.
1535 926 1576 980 Ex
1600 925 1793 982 concessione

82 1013 241 1073 constituit
252 1013 321 1087 jure
337 1011 470 1070 subesse.
487 1011 661 1084 Episcopatu
681 1027 799 1084 qnoque
809 1013 871 1085 jus,
887 1015 918 1067 et
968 1011 1001 1068 R.
1018 1011 1184 1085 anglonen.
1207 1013 1338 1086 episcopi
1354 1029 1422 1071 cum
1446 1014 1597 1070 communi
1609 1013 1732 1087 capituli
1748 1015 1794 1072 sui

80 1104 185 1161 omnia
210 1117 277 1174 ques
305 1101 338 1157 in
364 1099 540 1173 subscriptis
563 1101 638 1156 locis
662 1117 698 1157 ex
723 1101 917 1158 concessione
968 1115 1127 1171 consensu,
1141 1102 1172 1158 in
1188 1107 1315 1161 monast.
1332 1101 1500 1161 carbonen.
1517 1103 1794 1174 cellis,obedientiis

78 1194 211 1249 fratrum
228 1195 256 1248 st
269 1189 513 1264 coepiscoporum
532 1189 613 1246 idem
628 1189 834 1261 predecessor
849 1195 916 1245 tuns
969 1193 1000 1244 et
1025 1189 1265 1262 possessionibus
1289 1191 1354 1262 ejus
1382 1197 1478 1247 totum
1498 1192 1549 1263 jns
1575 1192 1743 1265 episcopale
1765 1198 1796 1249 et

79 1281 215 1338 habebat
228 1280 286 1354 ipsi
302 1280 428 1353 ejusque
443 1277 665 1336 successoribus
687 1279 874 1336 confirmarit
887 1286 917 1339 et
968 1276 1167 1350 quodcunque
1182 1278 1263 1335 aliud
1278 1279 1310 1336 in
1325 1295 1360 1336 eo
1375 1280 1542 1353 anglonen.
1559 1279 1688 1338 habebat
1701 1281 1796 1338 eccle·

78 1373 168 1428 firma
182 1375 216 1426 et
228 1368 345 1426 illibata
370 1369 521 1442 perpetuis
537 1367 722 1440 temporibus
737 1383 915 1440 permanere
969 1366 1022 1436 sis,
1039 1367 1116 1424 sicut
1129 1366 1161 1424 in
1177 1367 1272 1440 ipsius
1296 1368 1427 1442 episcopi
1442 1369 1552 1442 scripto
1568 1369 1729 1426 denotatur
1743 1386 1794 1426 ex-

77 1459 226 1516 decrerit.
243 1459 285 1514 Ex
298 1457 494 1514 concessione
520 1457 636 1514 scilicet
652 1455 741 1514 bona
762 1457 915 1515 memorie
968 1457 1159 1526 pressumdlx
1175 1457 1367 1514 concessione
1382 1458 1563 1516 bisinianen.
1582 1458 1712 1531 episcopi
1725 1475 1795 1515 cum

76 1548 215 1606 walterii
232 1546 439 1603 Panormiteni
455 1545 682 1619 archiepiscopi,
698 1561 766 1602 cum
780 1547 917 1603 volunta·
968 1543 1089 1616 capituli
1105 1545 1151 1601 sui
1165 1562 1300 1614 assensu,
1324 1546 1481 1604 ecclesiam
1505 1547 1620 1604 Sanctae
1644 1547 1741 1604 iterim
1754 1547 1794 1604 de

76 1634 265 1707 te,consilio,
282 1639 312 1691 et
328 1649 455 1692 assensu
467 1633 602 1692 omnium
617 1635 831 1692 canonicorum
847 1651 918 1692 suo·
968 1632 1061 1690 llacla
1075 1649 1142 1690 cnm
1157 1635 1318 1708 episcopali
1329 1635 1398 1708 jure
1414 1641 1444 1692 et
1457 1637 1597 1693 omnibns
1614 1636 1792 1694 obedientiis

76 1743 147 1784 rum
164 1730 195 1782 et
208 1725 290 1798 regia
304 1723 394 1781 ubam
407 1723 598 1780 conniventia
610 1728 702 1781 totam
722 1725 910 1798 parrochiam
925 1752 952 1819 B
969 1725 998 1778 ct
1009 1721 1200 1793 pertinentiis
1214 1723 1287 1792 suis,
1298 1723 1375 1780 sicut
1388 1724 1420 1780 in
1436 1724 1571 1796 ejnsdem
1586 1725 1716 1798 episcopi
1731 1725 1793 1798 pri·

76 1823 109 1872 et
134 1815 290 1871 diaecesim
313 1812 429 1870 castelli
452 1813 611 1870 Goriliouis
635 1829 703 1870 cum
726 1815 908 1871 monasterio
966 1810 1071 1881 viteaic
1095 1810 1327 1870 demonstretur.
1353 1813 1518 1872 Ecclesiam
1545 1829 1662 1886 quoque
1693 1814 1792 1872 Sancti

75 1907 198 1962 Sauctae
212 1903 310 1959 unns
325 1902 515 1976 magdalene,
532 1906 562 1959 et
588 1901 656 1958 aliis
679 1903 815 1960 ecclesiis
841 1919 909 1960 cum
964 1901 1081 1958 llartiui
1095 1907 1297 1958 constructam
1313 1903 1345 1958 in
1361 1901 1537 1960 tenimentis
1549 1903 1684 1960 ecclesias
1700 1917 1718 1960 a
1732 1906 1791 1960 Pe-

77 1993 211 2051 decimis
226 1995 256 2048 et
269 1991 337 2048 aliis
343 1991 470 2065 justitiis
485 2005 559 2063 quas
571 1990 609 2048 de
623 1991 786 2048 baronibus
802 1996 831 2048 et
843 1991 910 2050 eliis
965 1993 1009 2046 tro
1025 1989 1152 2058 indulto,
1168 2005 1257 2062 quam
1272 1990 1337 2064 ipse
1353 1993 1385 2047 P.
1403 1991 1513 2048 obtulit
1533 1989 1631 2048 eidem
1646 1992 1792 2062 ecclesias,

76 2081 257 2140 hominibus
280 2080 375 2154 ipsius
389 2079 504 2138 castelli
519 2085 550 2137 et
572 2081 821 2154 pertinentiarum
845 2082 911 2155 ejus
964 2095 1033 2136 cnm
1046 2079 1791 2154 tenimentis‚possessionibusetpertinantiissuis.

76 2171 297 2229 Panormitano
320 2169 453 2226 Ecclesia
476 2170 592 2226 solebat
616 2171 770 2243 percipere
794 2177 824 2227 et
842 2189 911 2228 cnm
965 2167 1093 2225 Pallinm
1107 2167 1145 2224 ad
1159 2168 1234 2238 huc,
1249 2169 1469 2242 plenitudinem
1483 2170 1599 2228 scilicet
1612 2169 1791 2243 pontificalis

77 2261 167 2316 omni
182 2258 348 2332 parochiali
359 2258 429 2331 jure
443 2263 474 2314 et
488 2257 649 2332 episcopali
665 2259 744 2330 quod
759 2260 790 2316 in
806 2260 911 2318 eadem
965 2255 1250 2324 oiilcii,lraternitati
1261 2262 1319 2314 tuas
1334 2257 1370 2314 de
1386 2257 1650 2332 sedisapostolicae
1663 2261 1793 2318 anctori-

77 2349 228 2423 parochia
242 2351 272 2404 ct
285 2345 404 2404 dioecesi
427 2345 583 2404 ridebatur
605 2345 725 2405 babere.
748 2349 911 2407 Ecclesiam
965 2349 1025 2401 tate
1038 2361 1072 2402 ac
1092 2345 1272 2404 liberalitate
1286 2346 1440 2420 largimur,
1457 2363 1515 2420 quo
1531 2348 1611 2406 intra
1629 2349 1791 2406 Ecclesiam

77 2445 230 2512 praterea
251 2437 349 2494 Sancti
365 2435 507 2505 silvestri,
524 2453 590 2507 ques
604 2435 702 2494 luerat
720 2437 757 2494 de
771 2439 869 2495 Mania
882 2443 912 2497 et
965 2438 1046 2491 tuam
1058 2433 1096 2490 ad
1110 2434 1269 2492 missarum
1285 2434 1432 2493 solemnia
1446 2435 1626 2494 celebranda
1639 2437 1792 2510 subscrip·

78 2526 287 2599 propriijnris
301 2525 504 2581 Panormitan.
520 2525 670 2594 Ecclesia,
693 2541 783 2598 quam
806 2543 860 2598 pro
876 2543 910 2584 eo
965 2523 1002 2578 tis
1017 2522 1123 2582 diebus
1144 2523 1187 2580 uti
1210 2524 1337 2593 debetis,
1352 2525 1508 2584 Nativitate
1533 2525 1649 2584 scilicet
1671 2521 1791 2584 Domini

80 2616 164 2688 quod
178 2614 319 2671 Ecclesiae
334 2620 391 2670 tuse
406 2614 535 2670 multum
549 2614 646 2671 vicina
660 2619 725 2671 eret
740 2620 770 2672 et
783 2616 911 2672 multum
966 2612 1060 2668 nostri
1074 2612 1143 2668 lesu
1158 2613 1277 2682 Christi,
1299 2614 1327 2670 S.
1344 2614 1496 2686 Stephani,
1513 2621 1615 2672 octava
1628 2616 1789 2674 Dominicis

80 2703 190 2761 utilior
205 2709 270 2760 erat
283 2703 311 2760 ei
336 2719 426 2776 quam
444 2703 648 2761 Panormitan.
672 2704 812 2762 Ecclesia
832 2705 913 2779 jam·
966 2701 1142 2772 Nativitetis,
1158 2703 1671 2778 Epiphaniallypapantifflominica
1685 2706 1717 2764 in
1732 2708 1789 2764 Ra-

82 2794 185 2850 dictus
199 2792 531 2865 archiepiscopus‚sicut
541 2792 573 2848 in
588 2794 653 2866 ejus
666 2794 776 2867 scripto
789 2796 913 2852 authen·
966 2791 1023 2848 mis
1052 2791 1233 2862 Palmamm,
1258 2793 1347 2850 Goena
1367 2793 1497 2863 llcmini,
1527 2795 1652 2852 Sabbata
1675 2801 1788 2868 sancto,

82 2884 143 2940 tico
168 2883 350 2950 continetur,
366 2882 403 2937 de
430 2881 556 2938 consilio
578 2887 609 2939 et
631 2899 756 2940 assensn
777 2885 912 2941 omnium
965 2881 1122 2951 Pascha,at
1135 2880 1251 2938 dnobus
1265 2881 1371 2939 diebus
1384 2883 1789 2955 sequentibusdscensionc,

81 2969 342 3026 tretrnmsncrnm
353 2967 449 3025 eidem
456 2969 594 3026 Ecclesia
604 2969 698 3026 libera
707 2976 737 3027 et
748 2977 913 3045 spontanea
965 2969 1254 3038 Pentecoste,tribus
1267 2971 1477 3028 festivitatibus
1491 2971 1586 3030 beatae
1601 2974 1652 3030 ilci
1667 2975 1792 3047 genitri-

82 3057 211 3115 tradidit
221 3057 372 3114 voluntate
382 3073 449 3115 oum
461 3057 913 3130 omnibustenimentisvillanis
966 3056 1009 3113 cis
1025 3063 1055 3112 et
1068 3057 1189 3130 virginis
1199 3057 1445 3126 llarioerssssltlili0
1459 3057 1537 3115 beati
1547 3060 1791 3134 loannisssaplis·

82 3153 113 3206 et
125 3147 368 3222 possessionibus
378 3153 408 3204 et
418 3148 501 3206 omui
509 3148 579 3221 jure
592 3164 655 3206 suo.
667 3151 709 3206 Ex
718 3153 910 3211 concessione
925 3117 952 3188 G
968 3149 1014 3214 ΝΒ,
1026 3145 1308 3204 commemoratione
1324 3147 1463 3204 Omnium
1478 3145 1664 3218 swsswfflms
1680 3150 1791 3206 ⁵⁰10111·

83 3238 173 3294 bcnae
186 3237 338 3293 memorias
346 3237 458 3294 Nicolai
468 3238 620 3309 qnondam
630 3241 911 3299 Messanencrchio.
966 3234 1110 3292 nitatibus
1124 3236 1258 3292 omnium
1277 3236 1481 3309 apostolorum
1493 3242 1523 3294 et
1536 3240 1693 3311 precipuis
1707 3239 1791 3297 lestis

83 3325 202 3399 piscopi
212 3341 282 3382 cnm
297 3324 389 3382 totius
401 3327 523 3398 capituli
534 3328 580 3384 sui
590 3343 750 3399 consensu,
765 3333 912 3405 emejus
966 3324 1105 3380 Ecclesia
1120 3329 1188 3394 ture,
1204 3324 1443 3382 dedicationibus
1462 3325 1667 3396 ecclesiarum,
1682 3343 1790 3386 conse·

84 3415 257 3488 episcopale
272 3415 352 3488 qnod
365 3415 496 3473 Ecclesia
510 3417 808 3476 Messanendcbcrct
820 3421 913 3477 hahe-
966 3411 1147 3469 crationibus
1171 3412 1388 3486 episcopomm,
1403 3412 1641 3471 ordinationibus
1663 3415 1789 3472 clerico·

83 3519 118 3560 re
134 3505 167 3560 in
179 3504 359 3561 monasterio
369 3503 743 3578 etomnibnspertinentiis
754 3509 911 3582 ejus‚qu0d
964 3519 1032 3560 rum
1048 3507 1078 3560 ct
1088 3504 1290 3560 anniversario
1301 3508 1358 3559 tna
1369 3504 1602 3561 consecrationis
1614 3504 1673 3562 die.
1687 3507 1789 3563 Prori-

84 3591 214 3648 illnstn's
227 3592 443 3649 recordationis
451 3595 606 3666 Margarita
615 3596 746 3668 gloriosa
760 3599 911 3670 quondam
965 3593 1035 3648 deos
1046 3592 1135 3663 igilur
1145 3589 1294 3664 quomodo
1304 3591 1394 3664 hujus
1404 3592 1572 3649 indumenti
1581 3593 1789 3651 honormode·

82 3683 190 3756 regina
204 3681 235 3738 iu
248 3681 313 3738 loco
335 3682 387 3754 qni
408 3682 518 3739 dicitur
539 3683 711 3742 ltsnictinm
735 3686 766 3742 in
790 3687 910 3746 dioeccsi
965 3685 1010 3738 sta
1023 3681 1062 3738 sit
1078 3686 1198 3738 actuum
1217 3681 1370 3737 vivacitate
1389 3680 1551 3738 serrandus
1563 3699 1569 3750 ;
1581 3677 1652 3739 ntci
1671 3699 1789 3740 morum

83 3773 251 3828 Messenen.
269 3771 305 3828 ad
327 3771 472 3828 honorem
491 3773 544 3829 ilci
564 3777 594 3828 et
614 3772 793 3832 beatissimae
812 3777 910 3835 Marica
964 3773 1083 3826 tuomm
1098 3773 1275 3826 ornamenta
1295 3769 1472 3827 fflnvenitml
1486 3775 1516 3826 el
1530 3785 1595 3827 esse
1609 3771 1706 3828 valeas
1720 3771 1789 3844 plus

4 3862 6 3936 l
83 3861 335 3936 semperrirglnis
347 3861 522 3919 memoriam
533 3879 585 3936 pro
596 3879 649 3920 sua
660 3863 815 3922 devotione
823 3881 910 3924 cons.
964 3857 1265 3929 bonisactibttsquam
1277 3855 1790 3931 hujusmodiornamenlofflcoauc·

3 3970 6 4030 i
82 3949 218 4007 truxitct
235 3949 475 4022 perpraedictum
497 3951 754 4025 archiepiscopum
776 3952 812 4010 cb
827 3956 909 4012 cinni
963 3947 1393 4020 tcrc,ccnspicuus;ctqucm
1417 3949 1677 4020 praesentiscere
1701 3965 1788 4006 cons-

5 4031 6 4042 ’
83 4037 186 4094 debito
196 4039 505 4097 Messanamllcclesise
516 4039 644 4097 liberum
654 4041 910 4116 obtinuitetquie·
962 4035 1066 4109 lrinssil
1079 4033 1420 4104 offitium‚dilt20li⁰11em
1435 4037 1569 4110 proberis
1581 4035 1722 4095 fratribus
1737 4055 1789 4095 ox·

81 4131 158 4183 tum.
175 4127 217 4182 Ex
227 4127 419 4186 concessione
438 4131 468 4186 T.
485 4131 593 4204 Regen.
610 4129 908 4206 archiepiscopicum
962 4125 1076 4196 hibere,
1092 4126 1170 4182 utin
1184 4127 1362 4184 humilitatis
1377 4128 1484 4184 virtute
1498 4127 1639 4186 laudatus
1655 4145 1710 4186 nco
1724 4131 1787 4186 ele-

5 4279 6 4288 ,
81 4216 235 4272 communi
247 4217 368 4290 capituli
376 4217 421 4275 sui
433 4223 690 4288 consectatorem
697 4219 748 4294 jus
755 4223 907 4295 episcopa.
960 4215 1038 4272 veris
1047 4216 1197 4289 prosperis
1207 4231 1263 4273 nec
1272 4215 1405 4290 fatigeris
1417 4215 1558 4274 adversis.
1565 4219 1624 4290 Ipsi
1633 4218 1722 4274 etiam
1733 4219 1788 4274 ad-

82 4303 166 4361 lerel
178 4305 378 4378 quodcunque
388 4306 469 4364 allud
481 4307 607 4382 Regcnsi
625 4310 764 4367 Ecclesia
774 4313 912 4383 pertine,
960 4303 1095 4372 versarii,
1107 4310 1227 4376 propter
1239 4303 1414 4362 mandalum
1428 4305 1627 4376 Dominicum,
1641 4312 1691 4363 tuo
1707 4307 1786 4364 circa

5 4381 6 4394 ¹
81 4393 133 4450 bat
146 4395 179 4450 in
194 4396 376 4451 monasterio
400 4397 499 4454 Sancti
522 4397 680 4454 Satvctcris
704 4398 740 4455 dc
755 4400 904 4469 Marcello,
960 4399 989 4450 tc
1003 4392 1181 4466 copolentur
1194 4395 1507 4466 mcctu,erqusntum
1523 4395 1554 4451 in
1570 4400 1599 4452 te
1614 4395 1714 4466 tuerit,
1730 4413 1784 4470 pa-

79 4482 469 4556 quodconstruxitloannes
482 4485 631 4542 Gelomen.
643 4487 741 4559 regins
752 4489 903 4561 quondam
919 4483 947 4550 D
962 4499 1026 4541 cem
1042 4482 1150 4539 habeto
1164 4499 1232 4539 cum
1245 4483 1384 4540 omnibus
1393 4487 1423 4538 et
1434 4481 1471 4539 ad
1481 4499 1585 4556 pacem
1605 4485 1722 4544 studeto
1736 4503 1786 4544 re·

4 4594 5 4620 t
78 4574 262 4630 camerarius
276 4578 307 4629 et
320 4573 352 4630 in
368 4575 548 4631 monasterio
564 4576 740 4634 monialium
756 4579 908 4636 sanctita·
963 4574 1071 4631 ducere
1083 4568 1297 4629 discordantes.
1313 4571 1435 4646 Fulgeat
1448 4574 1480 4629 in
1494 4579 1615 4646 pectore
1629 4580 1680 4632 tuo
1695 4579 1787 4634 ratio·

77 4662 167 4718 anuis
190 4663 355 4732 Exocalira,
375 4664 455 4735 qnod
481 4669 527 4720 est
551 4669 634 4721 entra
657 4682 759 4722 muros
783 4668 909 4724 civitatis
962 4662 1031 4719 nale
1042 4659 1159 4735 judicii,
1178 4675 1245 4717 cum
1262 4661 1498 4734 superhumerali
1509 4664 1624 4720 actione
1636 4665 1786 4737 conjunc-

79 4751 161 4825 Regii
178 4751 908 4826 etoellis,obedientiis,possessionibustenimen·
963 4758 1037 4819 tum,
1049 4750 1165 4807 etitain
1178 4755 1338 4822 conspectu
1356 4750 1407 4806 Dei
1423 4749 1567 4822 procedas
1580 4753 1784 4824 ethcminnm,

79 4841 117 4896 tis
131 4857 166 4897 ac
178 4839 580 4913 pcrtinenmcnsstcricrun
591 4842 908 4918 ipsorumjuxtaquod
963 4844 1110 4915 quatenus
1118 4837 1277 4895 commisso
1283 4838 1336 4894 tibi
1343 4839 1423 4912 gregi
1429 4839 1787 4915 Dominicorirtutisprac·

80 4930 110 4988 in
122 4929 260 5004 jamdicti
275 4931 492 5006 archiepiscopi
506 4931 660 5006 privilegio
676 4934 855 4992 continetur.
867 4935 909 4990 Ex
963 4935 1022 4986 stes
1031 4927 1200 5001 exemplum
1209 4930 1239 4982 et
1246 4926 1346 4982 taliter
1353 4943 1442 5000 opere
1449 4927 1600 5000 praecedas
1609 4935 1638 4985 et
1645 4928 1743 4998 verbo,
1754 4933 1788 4984 ut

3 5073 4 5096 ,
79 5020 273 5076 concessione
288 5021 319 5076 Β.
336 5021 521 5094 Agrigentini
548 5022 679 5094 episcopi
694 5039 763 5079 cum
785 5023 907 5096 capituli
963 5015 1785 5090 videntesoperatuabonagloridccutPatremnostrum,

3 5115 4 5120 ’
80 5110 124 5164 sni
146 5124 282 5178 assensn,
307 5113 367 5165 tum
396 5109 568 5182 parochiam
591 5114 621 5165 et
642 5111 793 5167 dioecesim
818 5127 908 5183 qnam
963 5108 1056 5180 quiin
1071 5105 1153 5162 omlis
1168 5105 1419 5178 est,etpandaant
1436 5105 1787 5164 setalemrectoremba·

4 5259 5 5280 χ
78 5198 251 5253 universnm
272 5198 322 5271 jus
338 5198 517 5271 episcopale,
538 5214 604 5256 cum
630 5199 768 5255 omnibns
783 5200 908 5256 decimis
962 5197 1043 5266 bere,
1058 5211 1112 5269 per
1122 5200 1250 5266 qnemet
1262 5195 1437 5252 erudiantur
1450 5194 1487 5250 ad
1504 5195 1593 5250 tidem
1609 5199 1638 5250 et
1652 5194 1689 5250 ad
1704 5199 1786 5250 recta

79 5283 146 5341 aliis
158 5283 285 5357 justitiis
296 5285 446 5357 abisquae
461 5284 497 5342 dc
511 5285 674 5344 baronibus
685 5291 715 5343 et
728 5287 907 5344 aliishcmi-
962 5301 1053 5359 opera
1075 5288 1281 5360 provocentur.
1298 5285 1432 5341 obeunte
1452 5299 1520 5341 vere
1542 5289 1581 5352 te,
1597 5285 1642 5340 vel
1666 5289 1784 5342 tuomm

3 5431 4 5438 ,
80 5375 169 5430 nibus
191 5374 306 5431 castelli
330 5374 494 5432 Battellarii
520 5380 549 5432 et
572 5377 821 5448 pertinentiarum
844 5378 908 5451 eJus
962 5373 1784 5449 quolibetsuccessorum,nullusibiqualibetsnbreptio-

80 5462 908 5524 etoasalisBusachiniuecnonetoliasdecimasomues
962 5463 1709 5537 nisostutiaseuviolentiapraeponatur,nisiqucm
1719 5482 1786 5522 mo·

80 5556 110 5609 et
132 5551 209 5608 alios
237 5549 382 5621 redditus,
407 5567 482 5624 quos
505 5553 697 5628 Agrigentina
722 5555 853 5612 Ecclesia
876 5555 908 5611 iu
962 5555 1049 5613 nachi
1061 5554 1196 5628 ejusdem
1212 5553 1269 5612 loci
1279 5554 1324 5610 rel
1345 5555 1443 5627 major
1453 5569 1522 5624 pars
1531 5554 1648 5610 consilii
1657 5557 1784 5614 sanioris

3 5649 5 5718 ζ
81 5645 177 5699 castro
188 5639 346 5698 corilionis
357 5647 386 5700 et
395 5642 585 5715 pertinentiis
598 5642 663 5715 ejus
678 5642 816 5716 habebat,
832 5644 909 5702 sicut
962 5645 1000 5702 de
1013 5645 1078 5717 ipso
1093 5643 1229 5716 collegio,
1244 5641 1391 5716 siqnidem
1408 5641 1532 5700 idoneus
1543 5641 1631 5701 inerit
1642 5644 1673 5702 in
1688 5660 1724 5701 eo
1737 5661 1785 5702 re·
