3952 6062
182 315 231 372 aar
596 336 598 354 .
672 249 875 352 rnnocnnm
893 291 933 348 nr
951 291 1006 348 rr.
1026 270 1262 347 nucesroaun
1282 287 1347 344 ιιι.
1368 285 1405 344 ιι.
1490 265 1496 284 ’

178 449 267 512 pape
281 429 400 496 notarii,
427 421 597 484 cancellarii
612 421 705 477 ricem
730 418 854 493 agentis,
875 433 921 473 ιιι
948 416 1051 484 lia-A

182 526 264 584 l'end.
279 519 402 595 Aprilis,
417 515 582 572 indictione
596 529 625 581 ιι,
640 507 859 565 iucarnationis
869 503 1007 562 Domini·

183 635 223 675 cae
239 629 317 670 anno
335 610 414 679 1198,
430 604 620 679 pontificatus
634 616 702 657 vero
713 597 827 655 domini
841 593 1007 652 Innocentii

184 721 269 780 papa
284 701 323 756 111
337 713 415 757 anno
432 694 572 752 secundo.

279 921 420 966 nucuotro
440 915 665 960 neomunaunu
684 909 906 956 aauulnrtscona

181 1003 240 1074 lpst'
254 1001 302 1056 dot
325 995 488 1066 facultatem
513 991 641 1060 beneficio
657 979 1009 1073 ecclesiastica-conserenda

332 1075 358 1124 et
365 1065 496 1138 prelatos
511 1063 547 1118 od
562 1061 718 1132 obsecutum
733 1056 856 1128 repende.

385 1151 542 1228 (Laterani,
558 1167 597 1204 vn
612 1149 654 1204 Id.
672 1145 805 1220 Aprilis.)

219 1251 354 1324 Superna
376 1239 571 1318 providentia,
597 1255 662 1310 quaa
686 1235 830 1309 populum
844 1233 1009 1288 humanum

183 1357 237 1414 per
249 1338 366 1394 diversa
380 1337 528 1389 rectorum
545 1327 643 1384 officia
656 1325 759 1382 statuit
778 1324 807 1378 in
831 1318 1008 1378 rectitudine

182 1424 420 1504 gubernandum,
436 1417 639 1494 pontificalem
650 1415 687 1472 ad
697 1415 753 1470 hoc
763 1411 817 1468 tibi
828 1409 955 1466 contulit
964 1406 1010 1464 di-

182 1521 337 1595 gnitatem,
351 1520 383 1570 ut
397 1525 617 1586 percongruam
624 1505 845 1562 exsecutionem
857 1499 947 1557 officii
957 1499 1009 1555 tibi

183 1607 288 1666 crediti
304 1597 427 1662 sts‘atiis
442 1599 558 1656 virtutis
574 1594 729 1669 speculum
745 1598 774 1648 et
788 1589 950 1662 exemplar.
976 1589 1012 1642 Et

184 1695 401 1754 licetomnium
416 1689 469 1746 tibi
486 1686 672 1745 subditorum
693 1699 764 1740 cura
787 1678 935 1756 generalis
959 1677 1009 1734 in-

185 1785 315 1852 cumbat,
328 1789 428 1838 tamen
436 1774 669 1836 circalicclesias
677 1778 707 1828 et
718 1769 1012 1827 ecclesiasticaseon·

185 1874 355 1942 stitutiones
363 1870 415 1926 tibi
427 1863 595 1924 sollicitudo
607 1861 746 1918 imminet
756 1858 907 1931 specialis,
919 1861 952 1912 ut
961 1871 1014 1928 per

184 1968 266 2019 tuam
278 1959 465 2034 diligentiam
476 1953 616 2010 Ecclesiae
627 1951 699 2023 ipsae
709 1953 800 2022 prout
813 1945 952 2004 convenit
966 1961 1014 2000 or-

76 2107 80 2114 .
183 2052 335 2117 dinentur‚
347 2047 442 2104 etrite
453 2042 579 2116 singulis
590 2039 737 2097 ordinatis
747 2038 778 2092 in
789 2038 831 2092 eis
843 2035 935 2091 divini
950 2033 1014 2090 cul·

96 2161 104 2174 *
183 2146 231 2197 tus
246 2137 389 2210 obsequia
404 2133 603 2191 celebrentur.
616 2131 673 2184 Nos
687 2127 777 2201 igitur
785 2126 816 2181 in
832 2123 890 2192 bis,
904 2124 935 2178 in
947 2119 1014 2194 qui-

184 2229 242 2284 bus
260 2243 329 2282 cum
344 2226 403 2281 Deo
419 2236 589 2295 possumus,
603 2217 658 2273 tibi
672 2215 802 2271 favorem
817 2212 1014 2285 apostolicum

183 2299 1015 2388 impertirivolentes,utoftlciumtibicommissumvaleas

184 2405 309 2461 liberius
325 2399 530 2467 exercere,tibi
546 2395 720 2453 auctoritate
736 2392 929 2467 presentium
939 2389 1015 2446 libe-

183 2509 249 2550 ram
264 2489 455 2548 concedimus
469 2485 641 2542 facultatem
657 2487 690 2538 ut
703 2481 895 2555 praelationes
912 2477 1013 2552 digni-

1432 409 1518 467 xxn.

1209 520 1307 559 sanari
1326 519 1358 559 ET
1377 517 1530 558 convenam
1550 517 1644 558 SANtlTl
1664 517 1737 558 RUFl.

1066 595 1099 648 ut
1113 595 1246 649 sententio
1259 593 1447 663 Lugdunensis
1467 593 1667 663 arciepiscopi
1683 605 1736 662 pro
1751 591 1818 661 ipsis
1833 590 1891 644 lata

1303 668 1384 734 anno
1398 669 1514 734 rataque
1528 669 1648 718 maneat.

1381 753 1435 826 (Id.
1451 753 1571 824 Martii.)

1099 842 1262 900 Sententia
1275 859 1341 915 qua
1365 858 1399 898 ex
1423 843 1610 916 delegatione
1625 840 1703 898 sedis
1718 841 1890 914 apostolicas

1064 1021 1226 1078 consistere
1236 1039 1244 1088 ς
1255 1026 1284 1078 et
1295 1038 1333 1077 ne
1342 1021 1372 1076 in
1380 1025 1534 1093 posterum
1546 1021 1713 1094 aliquorum
1722 1021 1892 1076 temeritate

1063 1109 1343 1182 valeatperturbari,
1354 1109 1516 1182 apostolico
1524 1109 1893 1167 cstmunimineroboran·

1063 1198 1110 1254 da.
1127 1201 1300 1272 Eapropter,
1308 1199 1409 1256 dilecti
1425 1199 1457 1255 in
1467 1199 1594 1256 Domino
1606 1197 1779 1270 filii,vestris
1789 1205 1893 1271 postu-

1064 1288 1225 1345 lationibus
1240 1295 1321 1362 grato
1337 1294 1550 1346 concurrentes
1565 1303 1699 1357 assensu,
1712 1289 1893 1344 sententiam

1003 981 1008 992 .
1062 932 1178 988 ratione
1188 931 1296 1004 praevia
1305 932 1520 1006 promulgatur,
1535 932 1622 988 llrma
1636 930 1725 988 debet
1737 930 1892 987 atillibata
1965 929 1966 932 ’

1065 1393 1155 1449 quam
1166 1378 1342 1434 venerabilis
1351 1377 1552 1434 fraternoster
1562 1378 1646 1435 Rain.
1659 1377 1830 1451 lugdunen.
1842 1393 1894 1433 ar-
1965 1397 1966 1440 1

1064 1467 1271 1539 chlepiscopus
1286 1468 1317 1523 in
1330 1483 1421 1524 causa
1435 1483 1501 1539 qrras
1522 1467 1600 1523 inter
1613 1483 1664 1522 vos
1680 1483 1716 1522 ex
1732 1483 1791 1523 una
1805 1473 1893 1540 parte

1065 1559 1095 1610 et
1107 1555 1319 1628 Hospitalarios
1330 1573 1364 1612 ex
1379 1555 1474 1612 altera
1486 1572 1576 1628 super
1591 1555 1717 1612 ecclesia
1729 1557 1827 1614 Sancti
1842 1558 1893 1612 Ja-
1965 1559 1966 1572 ¹

1065 1643 1130 1701 cobi
1144 1644 1181 1700 de
1197 1645 1331 1702 Valentia
1345 1645 1524 1714 vertebatur,
1548 1661 1584 1702 ex
1598 1644 1783 1719 delegatione
1809 1645 1892 1702 sedis

1065 1733 1235 1805 apostolicas
1255 1735 1388 1791 noscitur
1409 1735 1625 1808 promulgasse,
1648 1735 1725 1791 sicut
1734 1735 1815 1808 juste
1831 1735 1894 1792 lata

1069 1827 1124 1889 est,
1139 1839 1195 1878 nec
1210 1823 1343 1896 legitima
1354 1823 1553 1896 appellatione
1564 1840 1709 1896 suspensa
1717 1828 1747 1880 et
1756 1824 1786 1880 in
1797 1825 1893 1896 ipsius

1067 1910 1283 1984 archiepiscopi
1307 1912 1480 1968 authentico
1504 1912 1622 1984 plenius
1647 1913 1825 1982 continetur,
1857 1914 1894 1969 ad

1069 1999 1220 2072 exemplar
1231 1999 1318 2057 bona
1333 2001 1484 2056 memoriae
1509 2000 1659 2057 Caelestini
1672 2017 1757 2073 papas
1772 2001 1893 2074 prade-

1068 2089 1195 2144 cessoris
1210 2090 1304 2145 nostri
1318 2090 1493 2146 auctoritate
1504 2089 1667 2162 apostolica
1679 2091 1893 2147 confirmamus

1069 2181 1098 2232 et
1121 2179 1277 2249 praesentis
1301 2179 1402 2251 scripti
1427 2179 1535 2252 pagina
1557 2179 1788 2236 communimus.
1814 2181 1894 2237 Nulli
1965 2203 1966 2238 1

1069 2281 1137 2322 ero
1162 2272 1218 2323 etc.

1101 2281 1210 2410 Latum
1238 2353 1337 2412 ldibns
1362 2356 1468 2425 llartii,
1489 2356 1681 2428 pontificatus
1705 2357 1799 2414 nostri
1815 2374 1895 2414 anno

1068 2443 1210 2500 secundo.

1422 2551 1546 2607 xxxin.

182 2576 448 2652 tates‚praebendas
459 2580 489 2631 et
499 2569 965 2631 caterabeneliciaEcclesiarum
977 2565 1014 2622 il-

182 2669 280 2726 lgpum
292 2685 359 2741 qum
375 2669 445 2722 sunt
457 2665 512 2720 lel
528 2661 744 2736 metropolitico
763 2659 832 2734 jure
858 2657 1010 2729 subject&
1067 2655 1093 2695 P.
1114 2655 1226 2696 SANGTAE
1243 2655 1338 2696 URLAE
1352 2657 1379 2695 IN
1395 2657 1439 2695 VIA
1454 2656 1523 2695 LATA
1537 2656 1610 2696 blau.
1624 2655 1703 2696 (ΞΛΜ).
1719 2656 1895 2697 APOSTOLLCAE

183 2755 384 2830 appellatione
397 2757 533 2810 cessante
547 2750 646 2807 valeas
662 2748 778 2806 idoneis
794 2746 929 2803 conterre
944 2761 1012 2818 per·
1117 2819 1122 2832 1
1184 2819 1189 2831 ,
1292 2819 1298 2832 ι
1370 2745 1443 2831 senis
1470 2744 1586 2788 mesre.

183 2847 278 2915 sonis,
294 2845 319 2902 si
328 2845 415 2918 juxta
429 2840 673 2898 constitutionem
691 2839 874 2894 lateranen.
891 2834 1012 2891 concilii
1066 2819 1155 2889 ¹9⁸²*ss
1178 2817 1344 2874 mdusl’wm
1365 2835 1396 2873 ²¹²
1415 2819 1611 2875 concordandis
1638 2819 1780 2876 Gallorum
1794 2825 1821 2875 et
1833 2821 1894 2875 An·
1965 2869 1966 2880 ,

182 2933 238 3002 illi,
254 2934 291 2989 ad
305 2949 380 3004 quos
389 2930 549 3003 pertinent,
565 2927 602 2985 ad
611 2925 875 2984 commonitionem
884 2929 964 2979 tuam
978 2939 1013 2978 ea
1302 2907 1410 2978 fillium
1424 2908 1533 2978 ''⁰951''ss
1550 2907 1654 2964 lami·

184 3021 371 3096 neglexerint
382 3019 530 3075 ordinare.
542 3017 759 3089 Tibipraeterea
767 3014 875 3088 pagina
885 3029 1012 3085 praesen·
1268 2997 1427 3066 (Laterani,
1461 2997 1525 3053 Kal·
1554 2996 1688 3070 Aprilis.)

77 3117 86 3128 ’
184 3111 206 3168 ti
221 3110 413 3168 concedimus
427 3113 460 3162 ut
473 3105 612 3178 praelatos
627 3110 685 3160 tum
696 3102 899 3176 jurisdictioni
911 3100 1012 3174 subje-
1102 3103 1340 3162 Sollicitudinem
1355 3110 1436 3163 tuam
1449 3105 1546 3180 dignis
1560 3106 1590 3163 in
1614 3107 1739 3162 Domino
1754 3105 1893 3163 laudibus

184 3207 471 3272 ctospercensuram
482 3193 713 3252 ecclesiasticam
723 3191 898 3248 auctoritate
910 3193 1013 3246 nostra
1026 3165 1052 3233 G
1066 3194 1321 3263 commendamus,
1331 3211 1421 3267 quam
1431 3211 1486 3252 neo
1495 3195 1654 3252 difficultas
1663 3195 1839 3252 itinerisnec
1848 3197 1891 3252 in·

184 3289 294 3362 praevia
316 3287 431 3344 ratione
461 3281 625 3356 compellas
651 3281 688 3337 ad
710 3283 852 3336 consueta
867 3284 896 3334 et
912 3276 1012 3334 debita
1066 3282 1191 3339 firmitas
1204 3285 1403 3356 corporisnec
1415 3284 1893 3358 debilitasaegritudinisrevocare

184 3377 238 3434 tibi
254 3375 398 3447 obsequia
412 3371 590 3430 exhibenda.
606 3369 685 3426 Nulli
701 3385 780 3443 ergo,
798 3372 853 3424 etc.
1066 3373 1171 3444 potuit,
1182 3378 1233 3429 aut
1243 3375 1332 3430 etiam
1342 3374 1495 3431 retardare
1507 3391 1565 3446 qno
1574 3375 1674 3432 minus
1683 3374 1844 3432 festinares
1855 3376 1890 3432 ad
1965 3359 1966 3378 ἶ

222 3468 327 3522 Datum
343 3463 490 3531 Laterani,
519 3478 556 3516 vn
581 3459 651 3516 Idus
677 3457 798 3533 Aprilis,
820 3457 1011 3530 pontificatus
1067 3461 1891 3536 mandatumapostolicnmadimplendumetsenemver·

184 3555 281 3612 nostri
294 3569 373 3611 anno
388 3549 531 3608 secundo.
1066 3549 1894 3626 biDominiciacverbnmpaeischarissimorumincbris

566 3663 637 3720 XXI⁸
1067 3639 1894 3716 toliliorumnostrorumPh.FrancorumetR.Anglorum

289 3771 396 3814 nmo
416 3769 530 3811 mom,
549 3768 687 3810 mmm
704 3766 915 3810 mmmm·
1067 3744 1170 3802 regum
1180 3731 1341 3787 illustrium
1351 3731 1473 3788 auribus
1483 3737 1544 3788 tam
1557 3731 1708 3804 sapienter
1717 3748 1808 3804 quam
1818 3733 1896 3789 salu-

252 3848 315 3918 1323,
328 3845 454 3914 indaget
468 3849 499 3898 ηε
513 3843 675 3898 decanatum
690 3841 945 3911 mmmmm
1067 3816 1161 3874 briter
1175 3819 1347 3881 instillares.
1361 3820 1449 3877 Dedit
1463 3826 1562 3876 autem
1578 3821 1732 3890 Dominus,
1747 3821 1799 3894 qui
1808 3827 1854 3880 est
1866 3823 1893 3878 in

534 3914 659 3968 retineat.
1067 3921 1099 3962 se
1110 3910 1295 3979 sperantium
1305 3908 1620 3979 tortitudamectibus
1631 3911 1690 3966 tuis
1701 3911 1732 3966 in
1744 3915 1773 3968 te
1784 3913 1895 3968 nostris
1965 3955 1966 3968 .

454 4001 572 4074 (Datum
587 3999 747 4071 Laterani.)
1068 3995 1206 4053 ellectum
1217 4003 1246 4054 et
1256 3997 1428 4054 eorumdem
1439 3999 1529 4055 corda
1539 4015 1652 4072 regum,
1664 3999 1894 4073 indurataprius
1965 3979 1966 4064 l

222 4095 416 4151 sacrosancta
431 4094 564 4148 Romana
576 4089 718 4156 Ecclesia,
730 4093 785 4144 etc.
797 4105 882 4160 usquo
896 4089 934 4144 od
946 4105 1011 4144 ver-
1068 4083 1214 4142 advocem
1229 4087 1518 4160 praedicationistuae
1534 4088 1768 4146 misericorditer
1777 4091 1894 4146 emolli·
1965 4135 1966 4138 ,

186 4186 249 4240 bum
265 4182 319 4256 tili,
345 4199 435 4256 super
459 4179 613 4252 inopinato
635 4195 706 4234 casu
719 4184 778 4234 tura
791 4178 933 4234 caecitatis
959 4177 1013 4233 tibi
1067 4173 1126 4242 vit;
1143 4180 1175 4232 ut
1187 4177 1242 4232 etsi
1257 4176 1391 4232 nondum
1402 4177 1521 4249 plenam
1532 4193 1635 4250 paoem
1649 4182 1780 4235 statuere
1790 4186 1895 4252 potne-

184 4271 349 4346 plurimum
360 4269 554 4327 condolentes
565 4274 594 4324 et
603 4273 740 4342 gerentes
749 4283 818 4340 erga
826 4273 854 4322 te
866 4267 922 4338 pias
931 4284 1014 4322 com·
1067 4267 1120 4335 ris,
1132 4263 1210 4322 int'er
1220 4266 1300 4338 ipsos
1312 4271 1428 4340 treugas
1439 4266 1543 4322 saltem
1556 4267 1766 4340 quinquennes
1772 4285 1895 4342 recepe·
1965 4265 1966 4328 l

185 4362 334 4435 passionis
350 4363 499 4428 allectum,
515 4373 673 4430 personam
685 4362 777 4426 tuam,
791 4372 859 4412 cum
874 4357 1012 4412 omnibus
1067 4361 1138 4428 rint,
1155 4365 1185 4416 et
1198 4377 1215 4416 a
1230 4359 1333 4414 multis
1346 4360 1381 4414 de
1394 4375 1471 4414 verae
1482 4359 1564 4431 pacis
1577 4360 1801 4433 concordiaper
1812 4368 1896 4418 tuum

186 4468 252 4522 quas
268 4451 298 4506 in
314 4449 541 4522 praesentiarum
562 4445 781 4502 rationabiliter
795 4443 941 4517 possides,
957 4444 1011 4502 sub
1068 4449 1200 4506 studium
1215 4448 1348 4504 ineunda
1362 4453 1508 4522 speretur.
1526 4449 1563 4505 ut
1576 4454 1675 4506 autem
1687 4449 1725 4506 ad
1735 4451 1898 4508 servandas

184 4539 265 4596 beati
273 4540 352 4595 Petri
362 4535 885 4609 etnostraprotectionesuscipimus.
894 4533 1012 4606 Specio-
1028 4539 1055 4605 D
1072 4545 1188 4610 treugas
1200 4538 1263 4610 jam
1279 4537 1368 4592 initas
1385 4542 1413 4592 et
1437 4537 1625 4594 statuendam
1646 4538 1768 4610 plenam
1793 4557 1898 4613 pacem
1965 4581 1966 4620 ,

184 4628 255 4684 liter
269 4616 369 4683 autem
384 4626 562 4684 decanatum
573 4626 671 4698 ipsum
686 4623 944 4698 blagdeburgensis
959 4625 1013 4679 Ec·
1067 4627 1175 4684 melius
1191 4626 1290 4682 valeas
1303 4643 1440 4682 coercere
1449 4626 1766 4695 rebelles,discretioni
1777 4635 1836 4685 tuas
1845 4648 1900 4686 au-

186 4716 285 4772 clesiae
296 4715 373 4771 sicut
383 4715 480 4787 ipsum
492 4715 573 4786 juste
585 4730 618 4768 ac
629 4713 752 4786 pacifice
767 4713 912 4784 possides,
925 4713 1013 4768 devo·
1069 4717 1203 4772 ctoritate
1219 4715 1413 4788 praesentium
1431 4715 1603 4772 facultatem
1618 4716 1744 4774 liberam
1760 4718 1899 4793 indulge-

187 4805 262 4860 tioni
284 4809 340 4859 tuae
363 4803 538 4860 auctoritate
561 4803 724 4875 apostolica
750 4804 963 4860 confirmamus
985 4808 1015 4859 et
1068 4805 1900 4878 musquidquidvelinregesipsosvelinterraseorum,

186 4893 344 4968 praesentis
355 4892 457 4964 scripti
469 4892 578 4964 pagina
588 4893 825 4960 communimus;
838 4892 1013 4950 mandantes
1068 4894 1336 4951 autaliosetterras
1349 4893 1493 4965 ipsorum,
1507 4895 1650 4952 ecelesias
1661 4901 1690 4952 et
1700 4895 1900 4954 ecclesiarum

186 4989 220 5039 ut
234 4981 313 5054 quod
340 4986 444 5053 perte
466 4997 525 5036 non
548 4980 659 5052 poteris
683 4979 859 5053 adimplere,
882 5000 935 5054 per
950 4981 1014 5037 ido·
1068 4982 1647 5056 praelatospropterhaecvelaliquaquae
1662 4985 1786 5042 istorum
1795 4987 1902 5059 aliqua

186 5089 277 5128 neum
292 5070 434 5126 vicarium
451 5069 633 5140 exsequaris.
650 5069 728 5126 Nulli
745 5086 825 5142 ergo,
841 5077 896 5128 etc.
1068 5071 1901 5146 relutrumquecontingantstatuendumriderissublato

220 5163 326 5218 Datum
350 5159 498 5227 Laterani,
526 5176 554 5214 vr
578 5157 641 5214 Kal.
663 5158 784 5230 Aprilis,
807 5165 889 5230 pont.
918 5159 1014 5216 nostri
1069 5161 1901 5236 cujuslibetcontradictionisetappellationisobstaculo

186 5267 266 5308 anno
283 5247 414 5307 secundo
429 5249 497 5321 (12).
1069 5253 1162 5310 libere
1171 5251 1320 5310 statuendi
1332 5258 1600 5326 ettransgressores
1608 5270 1643 5312 ac
1651 5261 1847 5313 contumaces
1857 5259 1905 5314 fe·
1965 5329 1966 5346 χ

222 5401 278 5470 (la)
295 5402 328 5456 In
339 5399 429 5456 veteri
441 5397 543 5453 codice
555 5415 610 5452 ms.
624 5397 818 5454 illustrissimi
829 5398 883 5454 viri
894 5399 1015 5454 loannis
1070 5407 1208 5475 burgensi.
1240 5403 1420 5476 Recipiuntur
1448 5406 1502 5477 ipsi
1527 5411 1553 5461 et
1582 5407 1662 5474 boae,
1692 5411 1765 5472 etc,
1796 5414 1828 5462 ut
1855 5427 1905 5464 sn-
1965 5397 1966 5460 l

189 5472 326 5542 Baptistae
342 5471 472 5526 Colberti
486 5469 623 5540 superior
636 5469 771 5540 epistola,
792 5485 853 5526 non
867 5469 905 5526 ad
928 5470 1014 5526 deca·
1065 5493 1122 5550 pro
1136 5493 1146 5531 .·
1173 5477 1229 5532 boc
1251 5481 1297 5531 est
1318 5474 1374 5532 sub
1396 5477 1582 5548 protectione
1606 5479 1634 5534 S.
1659 5478 1738 5534 Petri
1763 5481 1794 5533 et
1819 5481 1904 5535 sedis

186 5558 258 5597 num
276 5547 402 5610 tantum,
418 5541 470 5597 sed
488 5540 525 5596 ad
541 5539 687 5596 decanum
704 5548 733 5597 et
756 5541 919 5613 capitulum
936 5543 1014 5598 scri·
1069 5547 1252 5620 apostolicas.
1965 5545 1966 5560 ¹

184 5617 236 5685 pta
249 5611 367 5681 dicitur,
384 5611 441 5670 hoc
455 5609 563 5668 modo:
580 5610 694 5670 Dncsno
715 5618 740 5670 et
763 5613 884 5686 capitulo
901 5615 1014 5687 Nepote·
1257 5627 1261 5637 ·
