3952 6062
200 264 251 322 tit
688 263 890 326 maachath
909 263 948 324 111
966 265 1021 326 PF.
1043 263 1278 328 massonus
1296 267 1363 328 tia.
1382 268 1406 324 i.
1469 265 1472 272 '
1848 271 1907 328 tsi

199 389 422 466 archiepiscopo
436 391 584 447 ltaameno
600 389 808 450 etvaleniensi
820 392 959 466 episcopo
970 392 1022 450 de·
1036 397 1066 468 A
1081 385 1125 452 ira
1138 399 1268 452 meterem
1283 393 1311 466 (l
1323 395 1384 452 Gor.
1405 409 1446 464 ιι,
1462 394 1518 462 ιι),
1534 409 1571 451 ne
1587 410 1638 452 sos
1653 394 1692 452 ad
1705 409 1781 452 onus
1795 411 1904 468 procu·
1920 434 1922 438 .

200 483 299 542 dimus
313 481 344 538 iu
359 477 508 536 mandatis
523 484 557 536 ut
571 491 622 538 eoa
636 479 673 538 ad
694 481 896 554 praestandum
917 481 1024 556 hujus·
1076 481 1201 542 rationis
1227 487 1365 555 arctaret,
1379 483 1437 541 nisi
1449 499 1467 542 a
1481 483 1634 542 canonicis
1656 485 1780 559 majoris
1802 485 1905 543 Eccle-

198 569 279 633 modi
290 570 498 646 juramentum
521 583 576 644 per
598 585 756 629 censuram
780 571 1023 640 ecclesiasticam,
1077 575 1129 631 sias
1158 587 1189 632 se
1216 573 1328 632 laceret
1350 578 1438 632 antea
1460 573 1623 648 procurari,
1642 573 1745 632 sedens
1759 576 1903 649 apostoti-

198 659 401 738 oppellatione
413 664 529 718 remota
542 659 735 734 compellant,
749 677 805 720 nec
829 661 918 720 liceat
931 660 1023 736 parti·
1077 679 1143 720 cam
1157 659 1330 736 appellastis
1345 667 1384 734 et,
1408 663 1485 722 sicut
1498 662 1579 722 idem
1592 663 1752 722 cardinalis
1764 681 1819 740 per
1832 683 1903 724 suas

197 751 254 810 bus
266 749 304 808 ab
319 749 363 808 eis
377 754 447 807 ante
462 749 642 808 senteutiam
654 751 817 826 appellare.
830 751 859 809 Si
874 767 941 810 sero
956 753 1024 824 poet
1076 751 1163 810 nobis
1177 751 1292 810 litteras
1307 752 1465 824 intimavit,
1481 752 1512 811 in
1526 752 1594 811 aliis
1610 754 1700 811 etiam
1727 769 1789 812 non
1802 755 1903 812 modi-

200 842 380 902 senteaticm
404 841 549 899 alterutra
575 842 706 916 partium
728 841 847 900 duxerit
869 839 1022 917 appellan-
1077 857 1145 900 oum
1169 841 1308 917 injuriosi
1335 841 1442 901 inistis.
1457 845 1584 917 Propter
1608 843 1689 916 qnod
1717 841 1818 900 dilecti
1847 844 1903 902 tilii

199 931 282 1002 dum,
297 945 366 990 oum
380 929 611 1006 appellationem
626 931 717 989 luerit
728 931 935 1007 interpositum
949 948 1022 1012 pro-
1077 927 1254 1005 praposiius
1275 931 1374 990 Sancti
1392 932 1505 990 Nasarii
1522 937 1552 990 et
1566 933 1600 991 Α.
1616 931 1778 992 canonicus
1802 934 1904 992 Sancti

199 1025 311 1092 secuta,
327 1035 393 1092 noe,
408 1025 443 1080 ut
455 1037 509 1096 per
523 1037 576 1080 eos
599 1035 689 1080 eausa
713 1021 817 1081 eadem
839 1022 1024 1080 melius'tsr-
1078 1021 1218 1095 Stephani
1235 1020 1351 1095 syndici
1367 1025 1396 1080 et
1418 1025 1627 1096 procuratores
1640 1023 1730 1080 vestri
1747 1039 1817 1081 cum
1831 1022 1906 1081 dile·

198 1112 330 1171 minetur
353 1111 462 1186 quibus
483 1112 591 1172 maline
612 1119 754 1186 poterunt
775 1114 840 1189 ejus
865 1114 972 1172 merita
987 1130 1024 1172 ex
1077 1115 1123 1168 cto
1140 1109 1202 1168 lilio
1215 1109 1321 1168 abbate
1336 1110 1435 1169 Sancti
1451 1111 1598 1170 vincentii
1613 1111 1651 1169 ad
1666 1112 1768 1170 sedem
1783 1117 1906 1188 sposto-

148 1229 152 1240 ·
198 1203 334 1262 locorum
359 1201 508 1260 vicinitate
534 1201 660 1276 liquere,
683 1203 780 1276 ipsam
808 1203 957 1276 aliquibus
985 1203 1022 1260 de
1076 1199 1373 1271 lioamrenieutes,ut
1386 1215 1476 1276 super
1489 1199 1538 1258 his
1552 1203 1751 1260 statueremus
1765 1201 1905 1260 ordinem

198 1293 360 1366 prostrate,
376 1292 576 1366 appellatione
592 1294 766 1366 postposita,
781 1295 1021 1362 committemua;
1077 1294 1106 1346 et
1122 1303 1293 1348 mensuram
1309 1303 1344 1348 ex
1358 1293 1441 1364 parte
1461 1295 1557 1348 vestm
1581 1291 1755 1365 suppliciter
1768 1291 1904 1366 postula·

199 1383 250 1455 qui
268 1385 394 1455 penante
409 1383 636 1453 consuetudins,
652 1399 772 1442 oausam
788 1385 895 1458 ipsam,
904 1383 1023 1457 justitie
1076 1379 1157 1438 bant.
1174 1379 1256 1437 Licet
1269 1383 1368 1438 autem
1382 1395 1436 1453 pro
1451 1395 1485 1438 eo
1506 1379 1584 1454 quod
1598 1379 1742 1456 predicto
1755 1382 1904 1439 cardinali

197 1469 518 1542 mediante,deoident:
535 1483 662 1545 quorum
673 1473 853 1530 sententiam
867 1473 1020 1541 iaciamus,
1075 1469 1120 1525 vel
1136 1469 1234 1543 potius
1247 1469 1335 1528 nobis
1350 1467 1382 1528 ln
1399 1472 1463 1545 ipso
1485 1471 1702 1528 contumaciter
1726 1471 1903 1529 resistentes

198 1565 318 1619 auctore
334 1561 471 1631 Domino,
487 1562 699 1620 iuviolabiliter
720 1563 880 1622 observari.
897 1564 953 1620 Per
965 1563 1022 1621 hoc
1075 1559 1170 1632 (jnxte
1184 1559 1306 1618 verbum
1320 1560 1508 1618 homininum
1526 1575 1532 1616 :
1549 1561 1603 1628 Qut
1616 1577 1662 1618 cos
1676 1561 1784 1633 recipit,
1799 1577 1844 1618 mc
1858 1577 1902 1617 re·

77 1709 82 1716 ,
198 1656 297 1710 summ
312 1649 391 1724 quod
406 1667 459 1724 pro
475 1651 553 1709 bono
563 1653 647 1725 pacis
658 1652 713 1710 hac
727 1654 788 1710 vice
804 1652 1020 1724 mandavimus,
1075 1651 1160 1721 cepta·
1175 1654 1200 1706 ιι
1214 1651 1263 1721 cui
1277 1665 1322 1706 vos
1336 1647 1451 1722 spernit,
1460 1665 1502 1708 me
1515 1651 1630 1724 ιριιιιιι)
1646 1647 1721 1724 (Luc.
1735 1666 1763 1720 x,
1777 1651 1835 1724 it),
1849 1667 1903 1708 ne-

154 1801 157 1810 ,
198 1739 316 1798 nullum
326 1739 462 1798 alterutri
473 1743 604 1814 partium
614 1742 750 1800 volumus
761 1742 1022 1817 praejudiciumqe·
1077 1738 1207 1795 cessaria
1221 1738 1398 1812 denegastis,
1415 1752 1476 1796 non
1491 1755 1544 1812 pro
1558 1738 1640 1796 uobis
1656 1740 1707 1797 sed
1731 1744 1839 1796 contra
1853 1755 1902 1796 sos

198 1830 306 1888 uereri.
318 1829 437 1886 Cetera
452 1847 520 1886 sero
540 1840 613 1902 quas
624 1831 739 1888 hahetis
753 1831 939 1890 veihabitnri
949 1835 1020 1890 estis
1077 1825 1176 1900 potius
1195 1827 1361 1885 meruerint
1376 1827 1521 1896 exaudiri,
1538 1829 1608 1901 quia
1624 1831 1726 1886 tamen
1743 1831 1902 1903 paternam

194 1917 371 1976 adinvicem
387 1921 578 1992 questiones,
594 1920 759 1978 secundum
773 1922 1019 1995 compositionem
1074 1917 1433 1990 allectionem,quanobis
1447 1917 1653 1992 estproprium
1661 1917 1782 1990 (attide
1791 1921 1903 1976 Roma·

194 2009 273 2066 iuter
291 2021 341 2066 vos
357 2012 387 2064 et
400 2025 450 2066 eos
465 2010 630 2082 antiquitus
655 2010 759 2068 initam
775 2016 804 2069 et
818 2027 836 2068 a
849 2012 935 2069 bonae
951 2029 1014 2069 me·
1074 2023 1120 2062 nee
1132 2006 1211 2064 sedis
1221 2007 1526 2064 clementiamisereri
1539 2021 1657 2080 semper
1671 2012 1701 2065 et
1714 2007 1903 2082 parcerent-

194 2097 297 2155 morias
314 2096 481 2156 Alexandro
507 2111 583 2171 papa
598 2099 817 2172 predecessore
841 2107 943 2175 nostro
959 2107 1019 2160 eta
1072 2094 1151 2152 lausi
1162 2097 1251 2153 etiarn
1267 2096 1416 2170 deponere
1430 2110 1493 2153 non
1507 2095 1827 2166 valemus,deconsilio
1845 2098 1905 2154 lra-
1972 2165 1973 2174 ἵ

193 2183 281 2242 nobis
295 2183 1018 2258 postmodumconllrmatam,iracteutur,concor·
1073 2192 1152 2242 trum
1167 2190 1337 2244 nostrorum
1351 2185 1451 2243 taliter
1464 2187 1495 2242 in
1510 2185 1680 2260 hujusmodi
1698 2186 1840 2244 duximus
1857 2204 1904 2244 ra·
1972 2189 1973 2204 ¹

193 2275 242 2332 dia
257 2273 303 2332 rel
323 2272 437 2347 judicio
462 2275 669 2336 terminandae.
693 2277 822 2350 ideoque
846 2278 1018 2337 maureliani
1073 2276 1378 2349 spondendum.Quod
1393 2291 1461 2336 oum
1478 2289 1583 2335 omnes
1598 2275 1738 2335 Ecclesia
1752 2277 1863 2352 legatis
1876 2282 1906 2334 et
1970 2293 1971 2304 ¹

192 2369 298 2421 uestra
321 2381 376 2438 per
399 2363 563 2437 apostolica
587 2367 699 2439 scripte
722 2366 901 2426 mandamus
920 2373 949 2425 et
964 2369 1017 2425 sub
1073 2367 1187 2422 nuntiis
1202 2367 1372 2440 apostolicas
1388 2365 1467 2425 sedis
1484 2365 1710 2440 procurationes
1725 2369 1903 2442 impendere

194 2456 317 2514 obtentu
339 2458 440 2530 gratias
456 2459 577 2528 nostra,
594 2459 911 2518 excommunicationis
924 2460 1019 2518 inter-
1074 2461 1242 2525 teneantur,
1258 2455 1295 2514 ab
1311 2473 1414 2514 aarum
1429 2457 1620 2530 praetensae
1645 2455 1759 2514 nullam
1774 2473 1900 2532 prorsus

194 2546 370 2616 minatione,
386 2547 418 2603 iu
432 2547 540 2604 virtute
555 2547 681 2621 Spiritus
696 2551 791 2606 sancti
806 2555 836 2608 et
850 2550 904 2606 sub
917 2549 1019 2607 ohtas·
1074 2546 1209 2604 volumus
1224 2545 1326 2604 haberi
1343 2549 1523 2616 excusatam,
1539 2547 1597 2604 nisi
1611 2545 1687 2603 torte
1701 2561 1756 2620 per
1769 2547 1901 2620 speciale

196 2637 308 2694 tatione
323 2635 413 2693 divini
425 2635 532 2710 judicii
547 2634 681 2695 districte
704 2640 895 2712 praecipimus
915 2644 1020 2712 quate·
1074 2635 1260 2710 privilegium
1276 2632 1356 2692 sedis
1371 2631 1552 2709 apostolica,
1564 2636 1644 2709 quod
1659 2650 1720 2692 non
1737 2635 1901 2705 credimus,

196 2739 253 2782 nus
265 2741 315 2782 voe
328 2723 365 2782 sd
378 2723 505 2783 invicem
521 2725 690 2800 diligentes,
707 2731 767 2785 tam
783 2743 903 2786 causam
925 2729 1020 2802 ipsam
1076 2727 1115 2782 sit
1129 2730 1275 2798 exempta,
1287 2723 1405 2781 etiamsi
1421 2725 1595 2798 longissimo
1610 2730 1745 2799 ternpore
1756 2743 1903 2801 procura-

199 2829 289 2887 quam
304 2812 378 2871 alias
393 2814 529 2885 honeste,
546 2815 623 2872 sicut
645 2817 799 2886 condecet,
814 2818 1019 2890 pertractetis;
1076 2815 1167 2873 tionis
1182 2813 1359 2888 obsequium
1375 2831 1435 2872 non
1453 2814 1648 2889 impenderim
1664 2830 1731 2872 oum
1744 2815 1776 2872 in
1792 2815 1903 2873 talibus

198 2918 261 2962 non
275 2917 328 2975 per
342 2902 513 2961 violentiam
523 2903 569 2960 rel
584 2905 726 2978 injuriam
741 2905 1020 2976 contendentes,sed
1076 2905 1258 2980 prescriptio
1271 2903 1327 2962 sibi
1343 2904 1442 2963 lacum
1453 2908 1584 2977 nequeat
1597 2905 1833 2977 sindioaro,cum
1849 2923 1903 2964 nos

199 3007 265 3063 quoe
275 3007 329 3063 pro
343 2995 469 3064 utraque
485 2997 568 3066 parta
578 2993 716 3052 ridentur
727 2995 863 3054 lacerein
874 2996 1022 3070 judicium
1076 3012 1093 3051 a
1107 2994 1274 3067 provisione
1289 2993 1447 3067 pastoralis
1471 2992 1681 3052 sollicitudinis
1704 2995 1784 3052 circa
1797 3013 1904 3053 omues

199 3078 621 3139 rationabiliterdeducentes:
635 3084 738 3140 scituri
753 3083 833 3157 quod
848 3085 872 3142 si
888 3101 1022 3158 quapar·
1076 3083 1224 3141 Ecclesiae
1239 3097 1394 3157 nunquam
1407 3083 1529 3142 omnino
1544 3087 1705 3141 cessemus.
1717 3083 1793 3142 Sane
1809 3086 1843 3141 in
1860 3085 1904 3142 his

198 3168 275 3226 tium
289 3171 394 3226 contra
415 3173 476 3227 tam
498 3185 668 3244 expressam
693 3172 903 3232 inhibitionem
924 3175 1024 3232 venire
1037 3155 1062 3224 G
1077 3171 1229 3247 exigendis
1244 3189 1312 3230 eum
1326 3171 1449 3232 modum
1460 3173 1635 3230 etardiuem
1649 3171 1784 3232 volumus
1799 3173 1903 3231 obser·

199 3260 433 3332 praesumpserit,
449 3275 505 3318 nos
532 3273 710 3334 supeream
735 3262 893 3321 durissime
915 3279 1021 3322 manua
1075 3263 1147 3332 vari,
1163 3262 1294 3321 utnulla
1321 3261 1453 3320 Ecclesia
1471 3262 1516 3320 vel
1543 3263 1686 3334 praelatus
1710 3279 1741 3320 ee
1767 3263 1904 3320 indebite
1972 3321 1973 3346 χ

200 3351 317 3406 naahas
333 3348 503 3408 curabimus
514 3365 680 3426 aggravare.
1075 3353 1251 3425 praegravari
1265 3351 1484 3409 rationabiliter
1508 3356 1717 3425 conqueratur.
1733 3353 1763 3409 Si
1778 3369 1851 3410 sero
1867 3353 1901 3410 de
1972 3351 1973 3376 l

235 3439 352 3508 Datum,
366 3444 396 3498 ut
409 3453 504 3513 capra.
1076 3443 1229 3501 communi
1245 3441 1539 3516 collectalegatcrum
1554 3447 1584 3500 et
1596 3443 1770 3502 nuntiorum
1785 3451 1903 3502 nostro·
1972 3441 1973 3444 ’

538 3557 681 3615 quqffl¹
1077 3549 1296 3605 mmexpensas
1306 3531 1449 3590 duxeritis
1465 3531 1626 3602 iaciendas,
1642 3532 1721 3606 quod
1737 3533 1821 3590 uobis
1842 3551 1901 3592 non

342 3661 495 3704 ,mmmm
515 3663 547 3705 ῃ
566 3661 651 3705 cmo
670 3661 878 3706 mmmm
1077 3622 1215 3680 duximus
1230 3621 1481 3690 inhibendum,ex
1495 3621 1552 3679 hoc
1567 3621 1653 3679 nobis
1666 3625 1696 3678 et
1709 3624 1822 3680 uostris
1836 3625 1905 3682 nul-

200 3751 279 3822 ouod
293 3751 388 3824 tepetis
405 3757 430 3809 ιι
450 3757 555 3811 nuntiis
579 3754 733 3828 apostolicis
748 3755 782 3812 ob
806 3755 929 3813 omnibus
945 3757 1024 3828 justo

446 3827 607 3898 procuratio
622 3826 761 3884 debeatur.

399 3912 556 3985 (Laterani,
571 3929 609 3971 ιιι
625 3915 687 3973 ilai.
704 3915 821 3987 llartii).

236 4021 460 4079 Duminstantia
469 4023 544 4096 (260)
556 4027 659 4080 nostra
671 4022 844 4098 quotidiana
854 4023 902 4093 sit,
914 4039 1024 4080 sacun-

201 4107 587 4184 dumdebitumapoetolicae
599 4111 1025 4182 servitutis,omniumEcolesl-

201 4216 286 4258 arum
295 4197 464 4258 sollicitudo
472 4201 622 4272 continua,
634 4201 751 4275 quoties
762 4201 1026 4277 ipsarumnegotiis

201 4286 1025 4363 promovendisnonpossumuspersonaliterimminere,

201 4379 531 4452 periratresnoatrosca
544 4371 682 4453 expedire
694 4379 912 4454 compellimur,
925 4396 1027 4453 queso

202 4471 303 4526 nostro
316 4467 409 4527 latere
424 4469 628 4540 destinamus;
646 4469 727 4528 illius
743 4470 911 4546 exemplum
925 4472 955 4527 in
971 4471 1026 4527 hac

202 4563 285 4632 parte
296 4559 388 4616 secuti
399 4560 460 4632 qui,
472 4557 627 4634 discipulis
636 4561 698 4618 suis
709 4561 738 4618 in
750 4561 894 4618 muudum
907 4561 1024 4617 univer·
1041 4536 1068 4603 D

203 4648 471 4718 sumtransmiseis,
483 4649 588 4722 ipsein
608 4641 706 4708 medio
726 4653 812 4707 terrm
831 4652 956 4709 salutem
969 4651 1026 4706 luit

202 4736 399 4810 personaliter
410 4739 635 4811 operatus.liine
647 4746 692 4796 est
704 4737 784 4813 quod
795 4757 862 4797 eum
873 4755 969 4813 nuper
980 4739 1025 4796 di-

202 4823 535 4885 lectumliliumB.tituli
543 4827 641 4885 Sancti
649 4830 727 4886 Petri
734 4827 1025 4902 advinaulapreshy·

203 4921 299 4972 terum
314 4914 509 4986 cardinalem,
525 4913 694 4990 apostolicae
722 4917 801 4976 sedis
815 4918 956 4996 legatum,
972 4935 1025 4992 pro

202 5003 327 5080 negotiis
337 5003 475 5063 Ecclesia
486 5007 518 5062 in
531 5005 736 5065 lombardiam
748 5008 920 5066 duxerimus
935 5008 1024 5065 desti·

201 5092 345 5164 nandum,
355 5095 574 5153 etiecivitatem
584 5101 713 5154 vesicam
726 5099 1027 5172 ingressusprocura-

201 5186 297 5241 tiones
308 5199 325 5240 a
336 5183 416 5240 robis
435 5181 575 5256 exigeret,
589 5199 655 5257 quas
671 5191 890 5244 consueverunt
903 5187 1026 5258 aposto-

202 5274 266 5330 licae
282 5273 361 5330 sedis
374 5271 478 5346 legetis
494 5276 523 5330 et
539 5275 652 5331 nuntiis
678 5275 822 5344 exhiberi,
838 5293 889 5332 vos
904 5289 965 5331 non
982 5279 1028 5330 at-

202 5361 359 5418 tendentes
374 5360 454 5434 quod
469 5359 578 5418 dicitur
592 5363 629 5418 ab
645 5363 795 5436 Apostolo,
805 5365 836 5422 Si
851 5364 924 5420 uobis
939 5366 1027 5435 spiet-

206 5451 293 5508 tuotio
305 5455 505 5522 seminavi-rous,
521 5469 575 5510 stou
591 5459 628 5510 est
648 5469 777 5526 maestum
791 5455 814 5511 si
829 5453 954 5512 casualia
969 5471 1027 5512 uca-

243 5629 475 5704 (titillantium
492 5635 632 5702 iustcattc,
646 5635 686 5691 ilc
702 5635 850 5693 censibus.

1078 3713 1140 3768 lum
1164 3708 1372 3784 praejudicium
1398 3709 1534 3768 volumus
1557 3712 1692 3784 generari
1716 3727 1776 3784 quo
1802 3713 1904 3772 minue

1079 3801 1195 3875 possint
1208 3818 1226 3858 a
1241 3815 1420 3874 quocunque
1429 3800 1591 3858 maluerint
1604 3802 1832 3874 procurationes
1849 3803 1904 3860 eibi

1079 3891 1193 3948 debitas
1207 3889 1377 3964 postulare:
1397 3889 1438 3946 ita
1453 3888 1532 3962 quod
1548 3891 1573 3946 si
1587 3896 1708 3948 exactus
1722 3890 1804 3949 ultra
1819 3909 1906 3950 suam

1079 3977 1503 4054 gravatuslueritlacultatem,
1515 3979 1572 4036 sibi
1585 3979 1622 4038 ab
1633 3979 1694 4038 illis
1707 3985 1905 4050 restauretur,

1080 4069 1193 4128 nuntiis
1204 4069 1421 4126 tamennostris
1430 4069 1461 4124 in
1472 4069 1649 4126 necessariis
1660 4069 1839 4128 exhibendis
1854 4089 1907 4145 pa-

1080 4164 1144 4217 reat
1153 4157 1423 4230 quicunqucluerit
1433 4157 1594 4229 requisitus
1607 4159 1761 4216 humiliter
1770 4165 1802 4216 ct
1816 4159 1908 4217 deso-

1082 4257 1109 4307 te
1124 4249 1184 4306 :ita
1191 4252 1290 4306 tamen
1300 4245 1378 4319 quod
1388 4246 1420 4302 in
1433 4246 1568 4304 lraudem
1582 4247 1659 4304 nihil
1670 4249 1791 4321 penitus
1806 4255 1906 4307 atten-

1082 4343 1168 4400 tetur,
1184 4353 1240 4393 nec
1261 4352 1315 4409 per
1328 4349 1503 4393 communes
1517 4337 1670 4394 ministros
1682 4341 1906 4412 procurationis

1082 4428 1270 4500 obsequium,
1286 4426 1311 4482 si
1331 4425 1493 4495 noluerint,
1515 4427 1648 4500 recipere
1673 4427 1905 4502 compellantur.

1082 4518 1136 4586 Qui
1150 4533 1218 4574 vero
1245 4515 1459 4572 contumaciter
1481 4516 1525 4573 eis
1548 4515 1666 4576 duxerit
1689 4517 1905 4588 resistendum,

1079 4602 1905 4680 omniprorsusappellationeremotc,perecclesiasticae

1079 4695 1905 4773 districtionissenteutiamcompescatur.Superinjuriis
1972 4763 1973 4776 ἢ

1079 4793 1178 4846 autem
1194 4787 1272 4844 dicto
1282 4784 1427 4844 cardinali
1441 4791 1554 4845 temere
1569 4788 1706 4863 irrogatis
1722 4789 1862 4848 uolumus
1877 4797 1907 4847 et
1972 4833 1973 4842 ,

1080 4877 1257 4936 mandamus
1283 4881 1429 4949 quatenus
1445 4877 1471 4933 ei
1488 4877 1721 4936 rubricationem
1742 4895 1907 4954 conmuam

1080 4965 1550 5041 impendatis;adquam,siforte
1562 4969 1801 5041 contempseritis
1821 4971 1906 5028 exhi·
1972 4977 1973 4980 ’

1080 5059 1161 5127 bere,
1174 5058 1237 5130 ipse
1252 5073 1303 5113 uos
1318 5055 1427 5129 appell.
1443 5063 1558 5114 remota
1572 5059 1728 5132 compella.
1972 5047 1973 5050 ¹

1117 5176 1222 5232 Datum
1237 5172 1383 5242 Laterani,
1398 5187 1439 5228 uu
1454 5173 1517 5230 lial.
1531 5173 1637 5230 Martii.

1116 5292 1253 5362 Scriptum
1268 5295 1307 5345 est
1320 5303 1401 5360 saper
1415 5289 1463 5344 hoc
1484 5289 1515 5344 Β.
1530 5289 1572 5346 tit.
1590 5289 1619 5346 S.
1645 5291 1720 5349 Petri
1734 5291 1771 5349 cd
1789 5291 1908 5352 Vincula

1079 5381 1200 5453 ριιιιιι.
1217 5377 1325 5436 cardiu.
1342 5377 1455 5450 apostol.
1472 5377 1542 5435 sedis
1557 5379 1655 5451 tepota.

1479 5495 1514 5510 -

1086 5644 1088 5652 “
1118 5637 1192 5716 (aas)
1207 5641 1241 5696 ln
1256 5639 1343 5696 tertia
1357 5637 1478 5695 Collect.
1487 5647 1663 5714 perpetuam.
