3956 6056
139 245 141 257 '
201 289 253 346 ιιι
700 223 900 332 innocuum
918 269 957 326 ιιι
976 267 1030 326 nn.
1051 262 1286 328 anensronou
1307 263 1373 320 ua.
1395 265 1419 362 1.¹
1862 263 1916 318 aaa

197 418 289 486 lerre,
310 411 478 486 rogavimus
498 413 526 464 to
548 406 690 463 attentius
711 407 741 460 et
766 399 970 459 mandavimus
992 399 1067 470 ιιιΑ
1083 392 1162 464 quod
1177 390 1605 466 postquamadtemandetum
1620 394 1917 466 nostrnmpervene·

198 503 408 562 cancellariam
419 501 515 572 ipsam
525 493 661 553 dilectos.
679 495 768 549 llenr.
783 492 819 547 de
831 493 945 546 Settara
956 485 1027 542 sub·
1080 488 1126 538 rat
1136 489 1165 539 et
1180 483 1244 555 ipse
1259 483 1292 538 ll.
1302 484 1362 554 jam
1374 482 1507 540 Bononia
1522 480 1669 546 rediisset,
1686 486 1718 536 tu
1732 481 1758 538 oi
1773 481 1919 538 solemni·

198 594 274 650 diac.
289 597 403 658 nostro,
423 587 620 644 llediclanen.
636 582 770 640 ecclesias
792 579 935 636 canonico
951 575 1027 630 bene
1081 575 1126 626 ter
1136 577 1166 626 et
1175 570 1294 643 publice
1302 571 1461 639 tradidisti,
1478 585 1509 626 se
1523 570 1652 640 vidente,
1669 569 1810 643 sigillum,
1826 585 1920 626 man-

197 680 277 754 apud
290 687 318 736 te
334 679 440 736 merito
456 681 485 732 et
498 675 536 732 ad
547 671 744 730 bocolticium
757 666 953 726 obtinendum
964 663 1029 719 ido-
1081 660 1156 717 dens
1172 661 1198 716 ei
1213 665 1247 716 ut
1261 660 1432 717 cancellarii
1448 659 1582 716 oiilcium
1597 665 1766 718 exerceret:
1789 657 1871 731 quod
1888 664 1921 714 et

198 787 255 826 neo
270 769 398 841 benigne
413 764 583 830 conferres;
600 760 666 818 etsi
681 763 749 831 post
761 757 964 830 receptionem
978 752 1029 808 lit-
1081 749 1157 806 alter
1171 750 1256 806 testis
1268 749 1396 807 asseruit
1410 749 1446 805 de
1462 749 1585 817 auditu;
1602 748 1725 808 otidum
1740 753 1921 822 procurator

199 864 333 916 terarum
349 862 520 913 nostrarum
536 851 699 924 quidquam
714 848 750 905 de
765 848 831 919 ipsa
851 841 1030 901 cancellaria
1082 846 1150 896 tuus
1173 841 1252 912 quod
1272 857 1374 896 verum
1396 840 1532 897 crederet
1553 855 1618 896 esse
1640 838 1805 911 respondit.
1821 840 1918 894 llenr.

199 947 366 1018 contrajac
381 943 562 1015 acquisitum
576 938 663 995 nobis
678 954 714 993 ex
722 937 895 992 lateranen.
909 933 1028 988 decreto
1082 945 1200 1000 quoque
1222 929 1377 986 contessus
1401 933 1447 986 est
1469 928 1598 994 lactum:
1623 927 1676 983 sed
1691 927 1919 986 solemnitatem

199 1042 356 1102 statueres,
373 1031 609 1088 decernebamus
626 1026 701 1082 illud
715 1025 832 1080 irritum
847 1021 1029 1078 etinane.l'n
1081 1017 1152 1074 iacti
1168 1019 1304 1091 negabat.
1322 1019 1395 1086 Quia
1412 1033 1479 1091 erqo
1495 1022 1563 1090 post
1571 1016 1761 1073 interdictum
1777 1021 1919 1073 nostrum

199 1141 267 1182 vero
277 1123 384 1179 litteris
393 1117 640 1189 nostrisreceptis
650 1109 1030 1185 dicerisrespondisse,sic·
1083 1105 1110 1161 ei
1124 1107 1342 1179 praesumpsisti
1364 1106 1481 1163 tradere
1500 1105 1625 1174 bullam,
1639 1121 1706 1162 cum
1722 1105 1919 1162 traditionem

199 1220 233 1270 ut
247 1230 283 1269 ex
301 1210 421 1284 publico
437 1208 606 1266 declaratur
620 1202 800 1268 authentico,
816 1197 895 1271 quod
911 1195 1030 1254 cancel·
1083 1194 1178 1266 ipsam
1189 1194 1295 1250 saltem
1306 1194 1586 1250 debuissesdilierre
1597 1193 1835 1250 donecnostrnm
1848 1209 1922 1249 con·

200 1299 309 1360 leriam
324 1302 420 1372 ipsam
435 1297 521 1354 alteri
539 1309 599 1351 non
619 1291 799 1358 contuleras,
818 1289 889 1360 quie
910 1290 1031 1358 propter
1085 1282 1197 1338 soleres
1211 1283 1444 1356 beneplacitum,
1455 1281 1570 1338 dilectis
1582 1282 1653 1338 liliis
1669 1282 1690 1335 Ι.
1709 1281 1869 1338 arcbidiac.
1888 1285 1923 1337 et

199 1390 373 1465 gravamina
383 1387 564 1451 debitorum,
585 1385 744 1454 proventus
763 1377 856 1450 ipsius
879 1375 932 1432 tibi
947 1377 1032 1430 erant
1085 1371 1117 1427 0.
1134 1371 1225 1427 Lento
1241 1372 1384 1428 canonico
1403 1371 1598 1428 blediolanen.
1622 1368 1758 1426 dedimus
1780 1371 1811 1426 in
1832 1386 1921 1426 man-

201 1488 365 1560 plurimum
376 1481 537 1541 necessarii
550 1477 783 1549 ;litteristamen
794 1473 904 1530 nostris
920 1469 1032 1544 apertis
1085 1467 1162 1525 datis
1177 1473 1219 1538 ut,
1235 1471 1258 1526 si
1281 1471 1370 1527 etiam
1392 1475 1460 1542 post
1481 1468 1646 1527 secundnm
1666 1467 1839 1526 mandatum
1863 1485 1923 1542 per

202 1565 850 1648 earumquetenoreperspecto,responderes
861 1563 892 1619 in
903 1561 1032 1618 crastino
1086 1558 1166 1630 quod
1177 1559 1266 1615 totius
1283 1559 1482 1632 cognitionem
1497 1558 1606 1632 negotii
1622 1557 1659 1614 ad
1674 1563 1809 1614 nostrum
1825 1558 1918 1631 judi-

203 1666 282 1739 qnod
298 1664 436 1722 crederes
450 1657 704 1734 respondendum.
720 1657 823 1722 Porro,
840 1652 917 1708 sicut
930 1649 1033 1706 exalio
1086 1647 1165 1702 cium
1180 1647 1392 1718 revocavimus,
1408 1647 1438 1703 id
1451 1648 1548 1720 ipsum
1564 1651 1919 1721 cognoscerentattenta-

203 1755 403 1827 comperimus
418 1753 628 1814 instrumento,
645 1750 803 1818 postquam
821 1739 954 1797 mandati
976 1753 1032 1794 no-
1087 1740 1162 1804 tnm,
1172 1736 1360 1792 traditionem
1375 1735 1463 1810 sigilli
1479 1735 1797 1792 decennorentirritam
1807 1741 1836 1791 et
1850 1737 1920 1792 ina-

204 1844 258 1900 stri
283 1841 420 1899 audivisti
448 1844 594 1904 tenorem,
625 1833 736 1890 variata
760 1830 909 1887 locutione
930 1827 1032 1883 dixisti
1087 1841 1172 1893 nam;
1187 1823 1921 1898 inhibentesllenr.nequomodolibeteoutiprm-

204 1931 284 2004 qnod
299 1928 510 1986 cancellariam
526 1926 622 1997 ipsam
636 1937 698 1978 non
708 1925 838 1993 poteras,
846 1918 933 1990 juxta
947 1931 1034 1972 man·
1085 1919 1226 1983 sumeret,
1238 1931 1305 1971 cum
1317 1914 1385 1987 plus
1393 1914 1432 1970 sit
1439 1916 1563 1971 Roman.
1576 1913 1750 1986 pontificem
1765 1913 1848 1970 adse
1864 1911 1921 1968 ali·

203 2021 306 2077 datum
327 2023 473 2084 nostrum,
497 2013 620 2087 praefato
641 2009 823 2066 subdiacono
844 2012 946 2062 nostro
961 2019 1033 2061 con·
1085 2001 1742 2077 quodnegotiumquamquemquamadeum
1759 2003 1918 2074 superali-

201 2110 298 2176 ierre3
322 2107 401 2178 quia,
417 2101 574 2160 reservatis
589 2099 642 2156 tibi
666 2094 870 2170 proventibus,
897 2092 1033 2150 eamdem
1085 2090 1918 2166 quonegotioprovocare.Tolerabamnsantemadtem-

202 2196 412 2254 cancellariam
421 2193 525 2248 decem
538 2188 692 2246 mensibus
703 2187 767 2259 jam
782 2184 891 2257 elapsis
907 2183 1033 2238 ilenrico
1085 2196 1140 2252 pus
1153 2187 1186 2236 ut
1201 2182 1310 2253 negotii
1322 2181 1428 2238 merite
1443 2179 1529 2238 nobis
1545 2180 1664 2254 plenius
1680 2181 1915 2248 innotescerent,

201 2285 237 2342 de
253 2287 353 2356 Lamp.
370 2295 570 2339 concesseras.
598 2278 730 2347 Cumque
752 2273 839 2330 nobis
860 2269 1033 2344 hujusmodi
1085 2268 1290 2326 investituram
1303 2287 1368 2342 quaa
1384 2269 1538 2326 dicebatur
1553 2269 1583 2324 in
1600 2269 1716 2325 occulto
1730 2267 1808 2324 lacta
1820 2267 1916 2324 luisse

200 2374 428 2448 responsionem
442 2370 568 2426 varietas
584 2383 619 2422 ex
633 2364 752 2436 scriptis
777 2363 961 2446 innotuisset·
979 2376 1033 2416 au·
1084 2366 1271 2438 perlibrum,
1293 2367 1362 2423 licet
1381 2367 1583 2426 ecclesiastica
1605 2365 1751 2423 benellcia
1771 2382 1832 2422 non
1855 2365 1918 2422 sint

201 2471 352 2538 tbenticis,
368 2466 434 2534 etsi,
450 2464 615 2522 secundum
631 2460 818 2534 Apostolum,
835 2473 955 2514 omnem
969 2457 1033 2521 ino,
1084 2453 1245 2512 donatione
1260 2455 1447 2513 clandestina
1462 2455 1654 2524 conterenda,
1675 2460 1751 2511 teste
1773 2455 1916 2524 lenitate,

199 2559 385 2618 bedientiam
393 2554 524 2630 prompti
532 2553 626 2610 simus
641 2550 754 2618 ulcisci,
764 2547 861 2604 adhuc
870 2551 970 2602 temen
979 2545 1032 2606 tibi
1085 2562 1151 2617 quaa
1166 2546 1257 2602 dicit:
1282 2549 1334 2613 Qui
1347 2548 1416 2603 mole
1431 2549 1500 2617 cpit,
1519 2548 1576 2602 odit
1593 2547 1678 2602 lucem
1694 2549 1786 2615 (Joan.
1803 2563 1843 2614 ιιι,
1858 2547 1914 2618 20).

200 2649 320 2706 deterre
336 2647 480 2714 volentes,
495 2643 542 2700 cui
555 2647 585 2698 et
597 2642 627 2697 in
641 2639 750 2695 minori
766 2637 864 2693 olllcio
880 2635 1033 2694 constituti
1084 2635 1305 2708 catemmquia
1313 2636 1497 2692 cancellaria
1507 2635 1639 2692 cilicium
1648 2640 1820 2692 memoratus
1827 2636 1916 2707 spiri·

205 2743 236 2795 et
256 2737 395 2810 promoti,
418 2737 497 2792 sicut
520 2731 645 2788 Domino
664 2727 786 2801 placuit,
808 2725 846 2782 ad
865 2725 981 2798 majora
1001 2725 1032 2780 in
1084 2722 1915 2803 tuaterelannexumspiritualiproponebaturexisterq

207 2827 311 2884 multis
321 2831 351 2882 et
363 2824 480 2898 magnis
493 2819 666 2886 detulimus,
681 2817 735 2872 tibi
751 2815 887 2872 dedimus
902 2814 933 2869 in
948 2829 1034 2870 man·
1085 2829 1152 2868 cum
1174 2814 1371 2871 cancellarius
1393 2831 1427 2871 ex
1449 2813 1547 2872 oiilcio
1571 2829 1624 2870 suo
1645 2812 1740 2869 multa
1751 2812 1849 2869 lacere
1863 2813 1916 2868 de-

201 2915 277 2973 datis
292 2910 578 2984 utadprasentiann
593 2912 725 2962 nostram
736 2907 957 2976 procuratorem
968 2900 1032 2957 ido·
1084 2900 1152 2958 beat
1175 2919 1241 2974 que
1260 2902 1427 2976 spiritualia
1451 2919 1516 2960 esse
1534 2907 1708 2970 noscuntur,
1732 2917 1767 2957 ac
1787 2917 1843 2974 per
1857 2902 1915 2958 boc

200 3021 290 3062 neum
315 3002 476 3070 destinare,
503 2997 555 3070 qui
577 3001 627 3052 tuo
649 2993 771 3050 nomine
793 2991 924 3065 legitime
946 2989 1032 3047 nobis
1084 2990 1139 3046 snb
1155 2995 1258 3048 tenore
1271 2993 1444 3065 proscripto
1459 2991 1682 3049 dicebaturuon
1694 2989 1832 3047 debuisse
1843 3005 1918 3046 con·

199 3091 372 3148 ostenderet
386 3088 466 3160 quod
479 3087 590 3142 dictam
600 3081 809 3140 cancellariam
818 3095 952 3153 personas
966 3078 1029 3134 ido·
1083 3077 1165 3148 ferri,
1184 3097 1252 3136 curn
1266 3081 1302 3136 ab
1322 3081 1403 3136 omni
1422 3079 1520 3153 specie
1533 3080 1612 3135 mala
1621 3079 1774 3152 precipiat
1788 3081 1918 3150 Aposto-

200 3197 265 3238 neaa
280 3179 369 3236 modo
385 3176 528 3234 canonico
542 3181 677 3246 tempore
693 3169 746 3226 tibi
768 3173 955 3242 competente
969 3167 1028 3223 do·
1043 3147 1068 3214 G
1083 3163 1131 3223 lus
1146 3168 1295 3226 abstinere
1309 3170 1377 3242 ;qui
1394 3170 1483 3226 etiam
1503 3169 1642 3241 prostatus
1658 3169 1745 3224 llenr.
1763 3166 1799 3223 do
1811 3168 1916 3241 Lamp.

199 3285 322 3336 nasses;
339 3267 437 3324 dictus
451 3278 570 3337 qnoque
582 3263 616 3318 ll.
628 3260 663 3316 de
677 3258 883 3331 Lampuniam,
892 3257 940 3313 cui
952 3256 1036 3312 dice·
1088 3255 1159 3314 licet
1173 3265 1309 3332 receptus
1321 3261 1360 3316 sit
1373 3260 1404 3316 in
1418 3259 1541 3316 fratrem
1551 3258 1588 3315 ad
1603 3262 1771 3314 vacaturam
1777 3257 1918 3330 praeben-

199 3358 287 3415 batur
306 3358 385 3413 iacta
407 3354 538 3422 donatio,
561 3352 587 3407 si
602 3349 701 3417 vellet,
716 3346 754 3405 ad
768 3345 959 3420 presentiam
975 3361 1030 3401 no·
1088 3348 1343 3418 dam,ordinarius
1359 3355 1459 3406 tamen
1470 3349 1658 3405 asserebatur
1667 3363 1728 3404 non
1739 3363 1852 3416 esseae
1862 3364 1917 3420 per

200 3454 292 3504 stram
315 3444 472 3503 accederet
492 3457 576 3498 snam
595 3439 745 3514 justitiam
766 3435 955 3492 defensurus.
980 3435 1036 3505 Va,
1088 3435 1144 3493 boc
1158 3439 1368 3495 cancellariam
1383 3437 1439 3494 sibi
1456 3453 1515 3494 non
1538 3436 1677 3494 debuisse
1692 3436 1831 3504 conferri,
1848 3453 1916 3508 qua

200 3538 319 3594 nientes
331 3535 425 3608 igitur
436 3531 472 3590 ad
481 3529 666 3603 apostolatus
682 3527 776 3583 nostri
792 3523 1036 3598 presentiamdi.
1087 3527 1124 3583 de
1142 3527 1211 3600 jure
1234 3528 1280 3584 vel
1294 3527 1509 3584 consuetudine
1529 3526 1679 3583 ordinario
1695 3531 1811 3582 ιιιιιιιιιι
1828 3525 1917 3582 debet

199 3626 269 3682 lecti
285 3623 340 3682 illii
356 3624 388 3681 G.
405 3621 694 3695 procuratortuusat
708 3614 884 3688 sepedictus
901 3613 933 3670 ll.
946 3628 1036 3685 super
1086 3617 1234 3673 committi
1248 3633 1315 3674 cum
1329 3632 1384 3672 nec
1401 3615 1598 3683 Mediolanen,
1618 3614 1835 3688 archiepiscopi
1863 3615 1914 3671 sed

199 3715 340 3772 venetate
355 3710 586 3783 responsionum
602 3705 776 3762 nitebantur
786 3710 815 3760 te
828 3702 1035 3774 multipliciter
1087 3705 1281 3762 Mediolanen.
1299 3706 1438 3763 Ecclesia
1453 3704 1649 3762 cancellarius
1665 3719 1730 3760 esse
1755 3703 1914 3774 scribatur,

201 3825 341 3868 excusare
353 3800 1034 3880 ;licetpublicisinstrumentisfldesnoniacile
1087 3809 1142 3850 nee
1156 3799 1278 3850 nocente
1294 3793 1363 3851 sede
1378 3793 1548 3851 cancellarii
1564 3792 1670 3866 perdat
1684 3791 1816 3850 cilicium
1832 3793 1914 3866 (nam

201 3904 360 3976 derogetur
372 3905 402 3956 et
416 3897 580 3954 secundum
596 3909 697 3952 rernm
712 3899 849 3949 naturam
864 3892 910 3946 rix
921 3892 1034 3963 potuis-
1086 3882 1245 3955 neeipsum
1257 3883 1553 3956 sigillumsnbstituto
1564 3881 1863 3956 pontiflcevariatur),
1874 3885 1916 3939 in·

204 3997 249 4048 ιιι
263 3987 448 4046 suiilcienter
457 3984 573 4041 ostendi
587 3981 666 4054 quod
681 3985 714 4036 tu
729 3981 759 4037 id
774 3981 854 4054 quod
867 3979 1035 4037 dictumest
1086 3979 1914 4052 quisitionemhorumdnximuspranominatistarento.

205 4079 331 4137 minime
347 4074 554 4148 responderes,
571 4072 626 4128 etsi
650 4070 726 4126 forte
750 4068 895 4141 potuisset
915 4055 1032 4124 ostendi
1086 4067 1155 4123 etO.
1169 4068 1260 4122 Lento
1275 4067 1418 4124 canonico
1436 4066 1633 4124 liediolanen.
1649 4067 1915 4125 committendam:

205 4168 285 4241 quod
309 4165 391 4222 aliud
412 4161 628 4236 respondisses.
652 4157 859 4215 Produxerunt
879 4162 978 4212 autem
1001 4156 1033 4211 in
1085 4172 1139 4230 per
1150 4157 1311 4230 apostolica
1323 4157 1433 4230 scripta
1442 4157 1643 4230 precipiendo
1652 4157 1829 4215 mandantes
1839 4175 1915 4231 qua-

202 4263 306 4319 nostra
321 4252 481 4328 prasentia
496 4251 570 4306 duos
585 4253 686 4314 testes,
712 4247 761 4318 qui
780 4245 872 4318 jurati
893 4245 1034 4300 dixerunt
1085 4252 1181 4314 tenus,
1198 4247 1279 4303 omni
1296 4248 1529 4304 contradictione
1545 4253 1574 4304 et
1588 4265 1636 4322 ap.
1648 4255 1795 4317 cessante,
1819 4248 1914 4305 Deum

202 4346 283 4419 quod
302 4347 333 4402 in
347 4341 486 4400 ianuario
511 4353 608 4410 nuper
627 4335 777 4409 praeterito
799 4335 855 4390 luit
878 4351 976 4390 annus
997 4349 1034 4390 ex
1085 4335 1227 4393 babentes
1242 4354 1303 4410 praa
1318 4336 1423 4406 oculis,
1440 4338 1534 4410 qratia
1549 4341 1579 4393 et
1594 4339 1699 4394 timore
1726 4337 1913 4410 postpositis.

201 4453 260 4508 quo
288 4431 485 4490 llediolanen.
513 4426 710 4485 cancellarius
733 4423 866 4480 debitum
887 4423 1031 4480 universae
1085 4425 1916 4498 sinepersonarumacoeptioneinquirereutsuperprrc-

201 4525 300 4582 carnis
313 4521 436 4579 exsolvit
451 4519 520 4575 etin
532 4515 669 4588 sequenti
679 4513 762 4583 ldaio,
772 4530 840 4570 cum
849 4513 1030 4586 consangui-
1045 4511 1071 4576 D
1087 4513 1421 4588 missisdiligentissime
1431 4515 1584 4572 veritatem
1596 4519 1670 4572 etne
1682 4515 1790 4572 veritas
1801 4515 1916 4572 celere-

203 4614 252 4670 nei
262 4613 352 4668 Henr.
364 4610 401 4667 de
421 4610 603 4680 lampunen.
618 4603 791 4675 frequenter
802 4601 881 4675 apud
895 4607 924 4658 te
935 4618 969 4658 ac
982 4619 1030 4658 ve·
1086 4607 1144 4671 tur,
1160 4608 1251 4660 testes
1271 4603 1321 4675 qui
1344 4602 1386 4659 eis
1411 4603 1649 4675 nominarentur,
1675 4604 1699 4660 si
1715 4620 1746 4660 se
1760 4605 1856 4678 gratia
1870 4605 1916 4660 vel

202 4703 358 4760 hementer
374 4700 521 4754 instarent
534 4699 566 4750 nt
575 4691 784 4750 cancellariam
795 4692 851 4764 ipsi
867 4691 1030 4758 conferres,
1085 4695 1192 4749 timore
1208 4691 1426 4761 subtraherent,
1440 4709 1661 4765 percensuram
1676 4693 1917 4766 ecclcompelle-

203 4798 232 4850 te
242 4787 442 4862 respondente
450 4782 723 4858 qnodcancellariaa
731 4779 922 4854 proventibus
930 4795 1031 4836 carere
1085 4785 1152 4836 rent
1166 4779 1324 4852 perbibere
1334 4781 1541 4840 testimoninm
1555 4783 1670 4839 veritati
1686 4787 1716 4838 et
1729 4783 1808 4854 quod
1824 4799 1916 4857 super

204 4906 264 4947 non
274 4903 388 4961 posses,
397 4884 434 4941 ad
444 4882 569 4938 multam
580 4885 679 4936 tamen
691 4879 863 4936 instantiam
872 4877 1031 4935 estobten-
1085 4879 1225 4936 omnibus
1232 4878 1401 4935 invenirent
1412 4879 1466 4936 sub
1475 4880 1641 4937 litterarum
1653 4897 1773 4938 suarum
1783 4883 1917 4940 testimo·

203 4986 266 5036 tum
282 4983 316 5033 ut
327 4969 577 5032 cancellariorum
593 4969 737 5025 retineres
753 4971 922 5040 proventus,
939 4971 969 5022 et
978 4966 1030 5038 jus
1085 4969 1136 5023 nio
1151 4967 1188 5023 ad
1205 4967 1305 5024 sedem
1321 4968 1516 5041 apostolicam
1533 4969 1738 5038 destinarent;
1754 4975 1787 5026 ut
1802 4987 1856 5043 per
1868 4973 1917 5028 in-

201 5070 296 5142 ipsius
322 5065 445 5139 praelato
471 5061 622 5119 conferres
646 5059 782 5114 ilenrico.
808 5059 938 5124 Quatuor
961 5071 1030 5130 ergo
1085 5055 1275 5130 quisitionem
1291 5057 1915 5134 ipsorumsuillcienterinstrnctinegotium

201 5156 409 5232 presentibus,
427 5154 504 5208 inter
519 5165 593 5221 quos
608 5147 666 5202 duo
688 5151 778 5202 testes
793 5147 949 5202 memorati
963 5145 1030 5201 iue-
1085 5148 1184 5219 ipsum
1201 5147 1308 5203 melius
1323 5145 1460 5203 decidere
1477 5147 1652 5203 valeremus.
1669 5149 1727 5220 lpsi
1742 5165 1810 5204 vero
1821 5165 1914 5206 man-

201 5252 282 5315 runt,
299 5247 331 5302 in
346 5242 504 5300 secretiore
520 5236 622 5311 palatii
638 5236 679 5291 tui
696 5251 813 5291 camere
832 5233 970 5290 eumdem
994 5235 1029 5290 il.
1085 5236 1188 5292 datum
1201 5235 1395 5307 apostolicum
1412 5235 1541 5293 fideliter
1548 5243 1754 5308 exsequentes,
1770 5254 1916 5294 convoca-

203 5334 508 5390 seeundurntenorem
521 5325 728 5398 praescriptum
741 5323 780 5380 de
795 5323 974 5379 cancellaria
984 5323 1029 5380 in·
1085 5323 1124 5380 tis
1139 5323 1334 5380 llediolanen.
1350 5324 1489 5380 Ecclesia
1514 5325 1673 5382 ordinariis
1688 5331 1717 5382 et
1729 5342 1783 5398 per
1794 5343 1915 5399 poenam

203 5423 316 5478 vestisti
331 5437 384 5494 per
397 5419 507 5475 librum
523 5419 552 5472 et
564 5413 703 5485 recepisti
723 5411 896 5468 fidelitatem
911 5411 947 5469 ab
972 5428 1029 5480 eo;
1085 5413 1404 5470 excommunicationis
1428 5413 1590 5486 compulsis
1603 5415 1701 5472 dicere
1717 5413 1771 5471 sub
1782 5415 1916 5488 jurisju-

204 5511 365 5583 probibens
375 5506 521 5566 universis
533 5519 571 5560 ne
581 5501 935 5574 verbumistudcuiquam
944 5519 1029 5559 rere·
1084 5501 1169 5558 randi
1185 5501 1371 5576 religionede
1384 5502 1667 5573 iactocancellariae,
1677 5505 1747 5576 quia
1756 5510 1912 5576 noverant,

205 5599 312 5657 larent.
324 5597 440 5672 Adjeeit
453 5597 554 5652 autem
576 5606 653 5648 unns
675 5591 796 5648 testium
819 5591 1030 5664 praedictorum
1085 5606 1174 5663 super
1188 5590 1350 5664 praemissis
1364 5590 1498 5648 articulis
1516 5591 1680 5663 veritatem,
1705 5595 1912 5652 attestationes
